1859 2925
547 162 584 213 J
585 160 937 213 UVENALIS
970 163 1079 211 S'n.
1094 160 1197 210 VI:
1462 165 1529 211 88

197 286 307 334 Nec
329 286 522 335 Veneris
541 288 758 351 pharetris
779 304 927 335 macer
947 295 1030 342 est,
1053 294 1130 335 aut
1144 286 1344 351 lampade
1356 286 1525 336 fervet:

200 350 320 399 Inde
338 352 458 400 faces
478 354 632 401 ardent
643 371 660 411 ς
694 355 879 399 veniunt
899 370 928 400 a
948 352 1051 399 dote
1072 354 1262 414 sagittae.

199 412 410 463 Libertas
430 418 616 464 emitur:
653 433 800 465 coram
821 418 927 464 licet
947 418 1116 469 innuat,
1140 424 1273 477 atque
1437 420 1531 463 140

199 478 468 538 Rescribat3
501 482 633 528 vidua
653 489 735 535 est,
758 481 957 543 locuples
976 496 1076 541 quae
1098 482 1246 542 nupsit
1267 496 1414 529 avaro·

273 542 370 592 Cur
389 546 602 592 desiderio
624 546 798 593 Bibulae
821 546 1043 593 Sertorius
1064 544 1219 591 ardet?

201 607 256 655 Si
278 624 434 655 verum
455 610 667 663 excutias,
690 610 837 663 facies,
861 624 955 655 non
977 624 1102 662 uxor,
1126 616 1314 656 amatur.

199 670 324 718 Tres
345 688 472 735 rugae
492 675 689 728 subeant,
713 682 760 720 et
781 690 830 720 se
850 675 965 720 cutis
985 673 1105 720 arida
1122 674 1257 729 laxet,

203 734 346 783 Fiant
365 739 536 784 obscuri
557 737 724 791 dentes,
749 738 952 799 oculique
972 738 1191 783 minoi-est
1439 736 1531 783 14⁵

205 798 390 863 Collige
410 803 661 855 sarcinulas,
687 802 802 848 dicet
819 802 1014 855 libertus,
1040 808 1085 847 et
1105 802 1204 847 exi:

199 862 314 912 Jam
335 868 484 927 gravis
504 882 554 913 es
575 866 714 919 nobis,
739 872 786 913 et
807 881 924 927 saepe
945 865 1224 927 emungeris:
1262 864 1335 911 exi

205 929 382 989 Ocyuit,
407 938 452 977 et
470 944 680 992 propera:
719 930 838 975 sicco
858 930 983 975 venit
1002 930 1139 975 altera
1158 944 1283 975 naso.

205 990 390 1041 Interea
411 994 537 1047 calet,
560 1000 607 1040 et
627 1001 798 1055 reg-nat,
820 994 1050 1055 poscitque
1069 993 1277 1039 maritum

206 1056 434 1111 Pastores,
447 1065 494 1105 et
508 1072 636 1103 ovem
653 1056 941 1110 Canusinam,
953 1056 1184 1117 ulmosque
1193 1056 1419 1102 Falernas.
1442 1058 1535 1103 150
1595 1056 1599 1061 ’

210 1121 491 1183 Quantulum
512 1122 560 1167 in
581 1123 667 1167 hoc
679 1122 702 1165 ἰ’
733 1136 895 1183 pueros
915 1135 1085 1173 omnes,
1110 1120 1332 1181 ergastula
1352 1127 1461 1175 tota,

209 1186 439 1247 Quodque
457 1186 578 1232 domi
598 1199 689 1231 non
711 1193 794 1241 est,
818 1192 865 1231 et
883 1186 1015 1231 habet
1034 1184 1218 1237 vicinus,
1243 1192 1428 1231 ematur.

208 1249 378 1297 Mense
399 1251 574 1312 quidem
593 1250 778 1302 brumae,
801 1264 892 1309 quo
903 1249 1000 1310 jam
1022 1255 1240 1294 mercator
1260 1247 1396 1309 Iason

212 1312 422 1368 Clausus,
447 1322 493 1360 et
513 1314 692 1361 armatis
712 1315 858 1359 obstat
877 1327 980 1363 casa
1000 1311 1181 1360 candida
1200 1312 1361 1375 nautis,

213 1378 418 1426 Grandia
437 1378 652 1424 tolluntur
673 1377 940 1438 crystallina,
964 1376 1157 1422 maxima
1176 1390 1327 1421 rursus
1444 1376 1537 1435 155

211 1442 468 1504 Myrrhina,
493 1442 649 1489 deinde
669 1442 846 1491 adamas
866 1441 1136 1494 notissimus,
1159 1446 1206 1488 et
1226 1437 1470 1505 Beronices

211 1505 273 1553 In
297 1507 438 1569 digito
457 1507 600 1554 factus
620 1507 876 1573 pretiosior:
915 1507 1033 1552 hunc
1056 1503 1176 1550 dedit
1194 1503 1299 1549 olim
1346 1497 1350 1504 ’

212 1571 442 1618 Barbarus
461 1573 657 1624 incestae,
683 1571 802 1622 dedit
819 1571 939 1622 hunc
959 1568 1163 1632 Agrippa
1184 1567 1340 1634 sorori,

214 1635 470 1682 observant
489 1636 564 1680 ubi
583 1635 698 1682 festa
715 1649 838 1680 mero
859 1634 973 1696 pede
992 1633 1167 1698 sabbata
1187 1637 1331 1693 reges,

213 1699 286 1748 Et
305 1706 436 1746 vetus
454 1699 657 1764 indulget
677 1699 850 1747 senibus
872 1697 1106 1750 clementia
1124 1696 1283 1762 porcis.
1445 1697 1541 1752 160

283 1763 482 1810 Nullane
501 1763 556 1810 de
575 1763 710 1810 tantis
729 1763 940 1824 gregibus
961 1759 1038 1807 tibi
1058 1759 1195 1822 digna
1215 1758 1421 1805 videtur?
1528 1763 1533 1770 '

217 1830 290 1876 sit
309 1827 518 1880 formosa,
543 1827 715 1881 decens,
740 1827 876 1878 dives,
899 1825 1101 1878 fecunda,
1125 1830 1327 1888 vetustos

218 1893 470 1940 Porticibus
492 1891 694 1952 disponat
714 1907 834 1943 avos,
857 1888 1064 1936 intactior
1086 1885 1207 1934 omni

221 1955 432 2005 Crinibus
453 1953 601 2002 efflisis
619 1955 783 2000 bellum
804 1954 1036 2000 dirimente
1059 1948 1246 2008 Sabinz¹i3

245 2021 368 2067 Rara
389 2019 484 2065 avis
493 2019 549 2064 'in
571 2019 712 2072 terris,
736 2019 955 2079 nigroque
975 2015 1195 2062 simillima
1214 2011 1380 2075 cycno)
1450 2015 1541 2062 165

221 2023 339 2138 buis
358 2083 472 2130 feret
492 2097 691 2134 uxorem,
715 2083 786 2128 cui
807 2087 1015 2128 constant
1034 2077 1215 2125 omnia?
1253 2077 1396 2132 Malo,

218 2149 351 2196 Malo
373 2147 665 2199 Venusinam,
689 2161 819 2205 quam
839 2153 901 2198 te,
927 2142 1137 2192 Cornelia
1155 2149 1298 2188 mater

222 2212 546 2264 Gracchorum,
573 2211 610 2256 si
630 2224 732 2256 cum
753 2209 927 2270 magnis
949 2206 1182 2255 virtutibus
1202 2205 1333 2253 affers

222 2275 409 2324 Grande
431 2275 722 2336 supercilium,
747 2279 793 2319 et
813 2286 1017 2318 numeras
1038 2272 1083 2316 in
1106 2270 1208 2317 dote
1228 2270 1492 2334 triumphos-

179 2393 186 2401 :
221 2339 356 2388 Tolle
376 2347 520 2392 tuum,
547 2353 729 2402 precor,⁵
749 2335 1061 2401 Hannibalem,
1095 2335 1349 2400 victumque
1371 2333 1545 2440 Stha„

417 2417 514 2449 cern
1435 2407 1440 2411 “
1480 2399 1545 2442 70

223 2467 282 2516 In
305 2467 475 2520 castris,
499 2474 545 2514 et
563 2481 666 2512 cum
687 2463 782 2511 tota
803 2463 1075 2524 Carthagine
1095 2462 1251 2528 migra.
1484 2447 1491 2462 ⁴

289 2531 444 2585 Parce,
468 2545 638 2592 precor,
663 2529 815 2582 Paean,
839 2536 885 2574 ct
906 2536 970 2580 tu,
994 2524 1113 2579 Dea,
1138 2525 1253 2586 pone
1270 2523 1485 2586 sagittas:
1558 2577 1563 2582 ,

230 2596 316 2647 Nil
332 2597 458 2662 pueri
477 2595 659 2650 faciunt,
681 2595 822 2657 ipsam
842 2591 1053 2655 configite
1072 2587 1281 2638 matrem!
1364 2613 1375 2620 -
1566 2589 1578 2603 ²
