1859 2925
515 156 907 211 JUVENALIS
941 160 1054 211 Su.
1083 160 1209 210 XII.
1467 164 1534 210 8³

184 291 378 341 Viribus
400 294 601 349 occultis,
624 302 673 343 et
692 296 895 345 Baeticus
915 296 1096 361 adjuvat
1115 296 1208 345 a’e’r.
1467 298 1540 342 42

184 352 279 405 Ille
303 374 387 405 nec
408 368 644 421 argentum
666 362 889 409 dubitabat
909 364 1102 417 mittere,
1125 364 1278 411 lances

186 422 439 470 Parthenio
459 424 615 479 factas,
640 441 767 473 urnae
787 434 960 475 cratera
980 443 1203 491 capacem,

184 486 261 535 Et
283 489 471 550 dignum
494 490 670 537 sitiente
692 488 853 545 Pholo,
878 493 952 539 vel
974 496 1165 557 conjuge
1187 491 1340 539 Fusci.
1379 514 1389 527 -
1468 490 1538 539 45

186 553 331 599 Adde
349 561 397 600 et
416 555 669 611 bascaudas,
694 562 741 602 et
760 557 883 603 mille
902 557 1084 611 escaria,
1109 558 1301 605 multum

189 616 373 671 caelati,
397 619 565 666 biberat
585 636 674 681 quo
695 621 879 667 callidus
900 630 1047 669 emtor
1067 622 1273 685 Olynthi.

186 682 285 729 Sed
306 684 407 743 quis
428 698 549 730 nunc
570 685 695 739 alius,
722 684 808 747 qua
828 687 984 733 mundi
1001 695 1143 749 parte,
1167 688 1268 749 quis
1289 684 1424 734 sudet

184 746 405 809 Argento
424 748 636 811 praeferre
658 758 802 813 caput.
828 752 1046 813 rebusque
1067 753 1253 799 salutem
1267 751 1292 797 'z’

188 809 332 874 [Non
352 820 535 876 propter
554 814 692 862 vitam
712 814 882 862 faciunt
902 817 1169 879 patrimonia
1190 816 1399 878 quidam;
1469 816 1536 863 50

190 878 301 931 Sed,
322 878 437 925 vitio
459 879 581 933 caeci,
606 887 787 945 propter
806 882 1072 942 patrimonia
1091 880 1296 947 vivunt.]

186 940 403 989 Jactatur
422 958 570 990 rerum
593 944 767 991 utilium
788 961 891 1007 pars
912 946 1133 993 maxima:
1175 947 1252 993 sed
1273 961 1359 993 nec

188 1004 383 1055 Damna
401 1008 581 1056 levant:
623 1015 746 1063 tunc,
771 1010 966 1057 adversis
989 1010 1265 1075 urgentibus,
1287 1011 1397 1057 illuc

186 1071 390 1126 Recidit,
416 1080 465 1119 ut
486 1073 653 1120 malum
672 1074 793 1121 ferro
815 1075 1121 1134 submitteret3
1157 1092 1208 1123 ac
1230 1092 1280 1123 se

188 1136 410 1199 Explicat
574 1146 686 1193 tum,
711 1140 976 1187 discriminis
998 1141 1155 1187 ultima
1174 1134 1368 1203 quando‘
1469 1140 1537 1187 55

191 1202 415 1250 Praesidia
518 1203 670 1257 rimus,
694 1219 855 1251 navem
875 1204 1049 1252 factura
1069 1206 1306 1253 minorem.

190 1266 219 1313 1
242 1282 380 1321 nunc,
404 1274 451 1314 et
470 1269 618 1315 ventis
640 1269 832 1315 animam
855 1271 1100 1324 committe,
1126 1270 1275 1318 dolato

192 1332 409 1381 Confisus
428 1332 571 1395 ligno,
596 1332 747 1397 digitis
768 1350 795 1380 a
816 1342 962 1381 morte
984 1342 1184 1382 remotus

192 1398 439 1452 Quattuor,
464 1405 542 1444 aut
564 1406 747 1462 septem,
774 1398 812 1445 si
834 1400 891 1445 sit
910 1400 1127 1447 latissima
1148 1398 1290 1448 taeda!
1575 1460 1590 1473 χ

189 1463 317 1511 Mox
339 1479 441 1510 cum
464 1465 674 1518 reticulis,
698 1472 745 1512 et
764 1479 893 1527 pane,
918 1473 966 1512 et
985 1473 1143 1514 ventre
1163 1467 1354 1529 lagenae,
1470 1469 1538 1512 60

190 1529 393 1590 Adspice
416 1529 652 1576 sumendas
672 1530 719 1576 in
743 1537 1008 1592 tempestate
1029 1547 1222 1579 secures.

192 1594 287 1642 Sed
324 1600 561 1656 postquam
589 1595 733 1658 jacuit
766 1595 950 1658 planum
989 1611 1126 1651 mare,
1173 1603 1376 1661 tempore
1409 1600 1537 1660 post-

388 1673 522 1719 quam

190 1723 420 1784 Prospera
440 1724 647 1779 vectoris,
670 1723 903 1786 fatumque
920 1725 1143 1774 valentius
1163 1725 1310 1780 Euro,

190 1789 262 1838 Et
281 1788 470 1850 pelag03
503 1796 740 1852 postquam
764 1789 922 1838 Parcae
943 1791 1128 1838 meliora
1146 1788 1343 1852 benignfi

191 1854 345 1901 Pensa
364 1867 502 1900 manu
522 1854 692 1901 ducunt
712 1855 887 1908 hilares,
912 1863 959 1902 et
981 1857 1182 1903 staminis
1203 1855 1290 1902 albi
1473 1857 1539 1901 65

190 1917 440 1975 Lanificae3
473 1917 649 1966 modica
668 1934 751 1966 nec
772 1921 964 1967 multum
984 1920 1145 1967 fortior
1165 1917 1274 1967 aura

192 1983 375 2030 Ventus
397 1983 550 2041 adest3
583 1984 707 2046 inopi
727 1984 988 2032 miserabilis
1009 1994 1105 2032 arte
1125 1984 1323 2032 cucurrit

192 2048 411 2094 Vestibus
432 2051 639 2103 extentis,
665 2055 725 2103 et,
750 2050 870 2110 quod
892 2057 1178 2112 superaverat
1199 2064 1356 2105 unum,

191 2113 315 2160 Velo
337 2128 469 2174 prora
490 2129 598 2160 suo:
628 2115 725 2177 jam
748 2113 1052 2162 deficientibus
1075 2115 1273 2169 Austris,

194 2180 309 2242 Spes
329 2177 439 2225 vitae
460 2194 561 2225 cum
586 2179 681 2226 sole
702 2179 844 2227 redit:
884 2184 981 2226 tum
1002 2188 1159 2242 gratus
1181 2178 1300 2235 Iulo,
1471 2181 1540 2228 70

191 2245 350 2304 Atque
370 2243 595 2290 novercali
618 2243 745 2291 sedes
762 2246 951 2308 praelata
971 2243 1164 2300 Lavino,

193 2308 484 2370 Conspicitur
504 2308 703 2355 sublimis
724 2325 852 2371 apex,
876 2311 950 2357 cui
972 2311 1158 2358 candida
1179 2323 1345 2357 nomen

192 2373 352 2423 Scrofa
372 2373 507 2426 dedit,
528 2373 647 2420 laetis
671 2373 928 2438 Phrygibus
948 2375 1148 2423 mirabile
1169 2389 1342 2429 sumen,

192 2439 259 2488 Et
281 2453 508 2499 nunquam
530 2437 640 2485 visis
660 2439 846 2502 triginta
864 2441 984 2488 clara
1004 2441 1228 2487 mamillis.

191 2504 397 2553 Tandem
418 2503 558 2550 intrat
575 2505 745 2566 positas
764 2505 939 2552 inclusa
956 2521 1037 2568 per
1058 2519 1238 2565 aequora
1259 2503 1416 2557 moles,
1474 2503 1544 2550 ’75

190 2569 563 2630 Tyrrhenamque
586 2567 782 2624 Pharon,
805 2578 1100 2632 porrectaque
1118 2568 1296 2616 brachia
1312 2583 1507 2621 rursum,

196 2634 316 2687 Quae
336 2633 500 2695 pelago
522 2641 765 2680 occurrunt
785 2635 947 2688 medio,
971 2635 1198 2696 longeque
1218 2631 1476 2696 relinquunt

192 2697 396 2747 Italiam:
436 2711 529 2746 non
552 2697 616 2746 sic
636 2697 777 2763 igitur
796 2698 1014 2747 mirabere
1031 2703 1203 2760 portus,
