1859 2925
301 132 362 179 12
613 130 648 178 J
651 128 1001 179 UVENALIS
1033 131 1143 179 Sar.
1170 128 1266 178 111.

297 252 422 307 Quid
437 256 601 303 Romae
619 256 777 304 faciam
791 256 815 303 ἲ
846 258 1024 305 mentiri
1045 258 1216 305 nescim
1255 257 1426 309 librum,
1560 256 1621 301 41

295 317 347 365 Si
367 322 512 367 malus
531 330 615 375 est,
639 336 810 383 nequeo
829 322 1009 369 laudare
1022 328 1068 368 et
1081 336 1290 383 poscere:
1328 328 1477 367 motus

298 383 539 431 Astrorum
555 387 741 448 ignoro:
777 386 913 433 funus
927 386 1185 447 promittere
1203 386 1339 447 patris

297 446 400 495 Nec
421 451 538 503 volo,
566 466 647 497 nec
667 466 874 513 possum:
901 466 1106 497 ranarum
1128 451 1299 497 viscera
1314 462 1539 509 nunquam

299 506 495 575 Inspexi.
556 514 694 561 Ferre
715 516 772 561 ad
791 522 988 577 nuptam,
1012 530 1111 575 quae
1132 514 1270 560 mittit
1290 512 1472 565 adulter,
1561 513 1631 557 45

300 577 422 631 Quae
443 577 802 635 mandaunorint
816 580 916 625 aiii:
956 594 1030 625 me
1050 593 1181 624 nemo
1202 579 1403 624 ministro

298 640 396 688 Fur
417 643 531 700 erit3
565 650 698 703 atque
715 644 815 690 ideo
837 643 946 689 nulii
968 658 1116 689 comes
1136 656 1263 695 exeo,
1282 650 1505 703 tamquam

295 704 506 760 Mancus,
529 714 574 753 et
593 706 815 755 exstincta
829 722 989 769 corpus
1011 722 1101 752 non
1116 708 1225 753 utile
1238 704 1405 753 dextra.

302 769 420 823 Quis
441 786 560 817 nunc
579 771 791 834 diligitur,
811 772 896 817 nisi
916 772 1135 825 conscius,
1158 778 1205 817 et
1222 771 1292 817 cui
1312 769 1489 817 fervens

293 832 481 883 AEstuat
501 837 687 882 occultis
707 837 893 889 animus,
919 850 1176 897 semperque
1196 835 1389 881 tacendis
1405 834 1429 879 ’ἒ
1562 834 1636 879 50

296 897 382 945 Nil
400 900 478 945 tibi
499 916 548 947 se
569 900 724 946 debere
743 907 882 961 putat,
901 900 967 946 nil
985 898 1183 945 conseret
1196 914 1404 959 unquam,

297 962 563 1025 Partioipem
585 965 660 1023 qui
681 972 728 1011 te
747 964 903 1011 secreti
923 963 1031 1009 fecit
1049 964 1237 1009 honesti.

297 1024 444 1075 Carus
465 1030 550 1074 erit
563 1026 712 1083 Verri,
729 1030 804 1089 qui
826 1025 1017 1075 Verrem
1036 1034 1249 1087 tempore,
1274 1042 1361 1087 quo
1381 1027 1492 1079 vult,

297 1092 528 1139 Accusare
546 1099 707 1153 potest.
756 1092 892 1138 Tanti
913 1092 991 1137 tibi
1012 1106 1103 1137 non
1125 1092 1183 1137 sit
1204 1092 1326 1152 opaci

295 1154 458 1203 Omnis
493 1171 626 1202 arena
662 1154 793 1218 Tagi,
835 1156 1041 1217 quodque
1074 1155 1122 1200 in
1158 1170 1281 1202 mare
1314 1156 1511 1203 volvitur
1544 1168 1631 1200 au-

489 1235 602 1273 rum,
1556 1220 1625 1266 55

297 1282 369 1331 Ut
385 1300 541 1331 somno
563 1300 725 1339 careas,
743 1285 1031 1349 ponendaque
1049 1286 1232 1347 praernia
1253 1298 1401 1331 sumas

294 1348 472 1403 Tristis,
497 1357 544 1396 et
563 1365 590 1396 a
609 1365 774 1411 magno
795 1366 969 1412 semper
984 1350 1177 1397 timearis
1196 1350 1353 1395 amico.

365 1412 486 1468 Quae
507 1429 626 1460 nunc
647 1414 852 1463 divitibus
872 1430 986 1477 gens
1007 1413 1307 1476 acceptissima
1328 1412 1505 1466 nostris,

295 1476 364 1526 Et
384 1494 495 1539 quos
516 1481 735 1542 praecipue
754 1479 938 1542 fugiam,
960 1480 1201 1541 properabo
1220 1478 1375 1535 fateri3
1533 1481 1543 1487 ‘

296 1542 400 1590 Nec
420 1543 562 1604 pudor
577 1545 777 1590 obstabit.
820 1543 930 1590 Non
952 1559 1133 1605 possum
1154 1543 1282 1596 ferre,
1305 1543 1517 1598 Quirites,
1559 1545 1627 1588 60

298 1607 507 1654 Graecam
523 1609 689 1662 urbem,
709 1609 911 1668 quamvis
932 1615 1068 1668 quota
1086 1608 1230 1670 portio
1249 1607 1373 1653 faecis
1396 1606 1554 1652 Achaei
1569 1606 1592 1650 ’τ’

293 1670 400 1720 Jam
421 1673 589 1732 pridem
613 1673 754 1734 Syrus
774 1673 820 1718 in
841 1671 1037 1719 Tiberim
1052 1671 1238 1718 defluxit
1259 1671 1483 1727 Orontes;

294 1734 594 1798 Et⁸linguam‚
619 1745 665 1783 et
685 1751 846 1790 mores,
865 1745 910 1783 et
932 1752 1033 1783 cum
1056 1737 1231 1782 tibicine
1250 1735 1435 1782 chordas

295 1800 523 1862 Obliquas,
548 1816 630 1848 nec
652 1817 742 1847 non
763 1801 947 1863 gentilia
966 1809 1177 1862 tympana
1197 1815 1347 1846 secum

293 1863 449 1919 Vexit,
473 1873 520 1912 et
539 1867 594 1912 ad
612 1864 792 1914 Circum
801 1867 951 1928 jussas
965 1873 1163 1926 prostare
1181 1865 1363 1926 puellas.
1559 1865 1625 1910 65

295 1926 382 1982 Ite,
401 1930 556 1990 quibus
571 1938 700 1992 grata
719 1938 787 1977 est
801 1928 919 1991 picta
939 1930 1042 1992 lupa
1054 1930 1235 1976 barbara
1248 1925 1393 1974 mitra.

293 1991 510 2040 Rusticus
529 1995 604 2040 ille
625 2002 728 2041 tuus
749 1995 884 2040 sumit
907 1995 1199 2055 trechedipna,
1225 1993 1426 2048 Quirine,

293 2055 362 2104 Et
383 2059 646 2104 ceromatico
660 2058 748 2105 fert
767 2060 974 2106 niceteria
994 2058 1122 2105 collo.

293 2121 390 2168 Hic
409 2121 498 2172 alta
520 2123 727 2184 Sicyone,
745 2131 816 2170 ast
835 2123 906 2170 hic
923 2123 1162 2184 Amydone
1182 2119 1346 2174 relicta,

293 2185 390 2232 Hie
407 2186 578 2240 Andro,
592 2187 668 2232 ille
681 2189 829 2242 Samo,
849 2188 920 2234 hic
933 2186 1167 2240 Trallibus,
1188 2193 1263 2233 aut
1277 2184 1531 2238 Alabandis,
1558 2185 1624 2232 ⁷0

291 2249 529 2311 Esquilias,
553 2252 806 2314 dictumque
825 2259 983 2314 petunt
1002 2267 1029 2298 a
1044 2253 1209 2298 vimine
1222 2251 1396 2302 collem,

291 2313 480 2362 Viscera
494 2331 754 2378 magnarum
777 2317 989 2364 domuum
1004 2316 1257 2376 dominique
1272 2313 1425 2361 futuri.

293 2377 534 2441 Ingenium
555 2381 703 2435 velox,
726 2381 907 2428 audacia
919 2381 1101 2442 perdita,
1128 2395 1273 2426 sermo

292 2442 528 2500 Promtus2
545 2453 591 2492 et
609 2445 726 2492 Isoeo
743 2446 995 2492 torrentior.
1050 2445 1165 2498 Ede,
1185 2444 1288 2505 quid
1302 2443 1425 2488 illum

292 2506 412 2555 Esse
446 2517 576 2572 putes
587 2511 609 2555 :³
644 2525 776 2572 quem
805 2510 875 2556 vis
907 2510 1147 2563 hominem,
1188 2523 1338 2554 secum
1380 2506 1528 2553 attulit
1563 2505 1619 2552 ad

484 2588 592 2622 nos:
1552 2571 1615 2617 75

291 2635 634 2693 Grammaticus,
659 2640 821 2693 rhetor,
845 2643 1111 2700 geometres,
1140 2637 1296 2700 pictor,
1320 2635 1489 2697 aliptes,
