1859 2925
568 188 959 239 JUVENALIS
990 188 1103 237 sir.
1131 149 1221 236 Η]
1530 192 1557 238 -ι

221 317 496 371 Concubitu,
521 317 598 378 qui
619 326 726 365 tunc
745 319 871 381 leges
891 318 1127 365 revocabat
1146 330 1316 365 amaras
1498 316 1567 365 96

222 383 463 435 Omnibus,
487 390 619 443 atque
637 382 744 443 ipsis
765 382 934 429 Veneri
954 382 1183 442 Martique
1202 381 1433 438 timendas.

227 445 350 495 Cum
373 454 446 492 tot
465 447 672 493 abortivis
689 446 922 494 fecundam
944 445 1067 494 Julia
1086 446 1265 493 vulvam

229 511 453 562 Solveret,
477 517 524 556 et
542 518 698 571 patruo
721 510 886 556 similes
905 508 1152 557 effunderet
1168 508 1277 556 offas
1289 510 1312 555 ἲ

225 574 400 621 Nonne
420 574 557 636 igitur
567 575 672 635 jure
689 590 742 621 ac
761 575 922 621 merito
941 574 1050 621 vitia
1069 574 1225 621 ultima
1242 573 1372 621 fictos

233 637 546 687 Contemnunt
569 638 772 691 Scauros,
795 645 842 684 et
862 638 1078 700 castigata
1098 638 1383 685 remordent?
1498 640 1567 686 85

295 702 408 748 Non
431 702 535 748 tulit
553 716 612 747 ex
630 703 716 747 iuis
737 714 914 747 torvum
938 701 1133 748 Laronia
1152 702 1387 762 quo-dam

235 765 520 815 clamantem
541 766 703 812 toties:
726 765 835 812 -Ubi
855 780 977 811 nunc
998 766 1072 812 lex
1093 765 1126 814 J
1128 765 1251 812 ulia?
1284 766 1449 812 dormis
1462 765 1487 811 ἰ’

231 831 312 878 Ad
331 844 468 890 quem
490 830 744 876 subridens:
783 829 952 876 Felicia
972 837 1186 891 tempora,
1210 845 1312 889 quae
1334 838 1381 877 te

233 894 446 942 Motibus
467 893 724 955 opponunt!
759 892 941 940 Habeat
950 895 1047 955 jam
1069 892 1219 939 Roma
1238 893 1477 955 pudorem!

233 957 420 1005 Tertius
442 973 470 1003 e
489 958 606 1004 coelo
627 958 784 1005 cecidit
805 956 937 1005 Cato.
985 957 1075 1004 Sed
1096 964 1245 1004 tamen
1266 957 1385 1005 unde
1500 962 1569 1005 40

234 1021 358 1068 Haec
380 1021 506 1075 onis,
529 1022 700 1068 hirsuto
721 1022 888 1083 spirant
908 1022 1187 1083 opobalsama
1206 1022 1323 1069 collo

239 1085 358 1139 Quae
380 1086 458 1133 tibi
473 1086 496 1131 Ρ
529 1100 586 1133 ne
605 1087 766 1147 pudeat
787 1086 1017 1131 dominum
1040 1092 1287 1133 monstrare
1306 1086 1517 1133 taberne.

245 1149 382 1203 Quod
403 1150 441 1195 si
461 1158 679 1195 vexantur
697 1150 822 1210 leges
841 1150 1023 1211 acjura,
1048 1149 1173 1195 citari

239 1214 366 1259 Ante
387 1228 542 1259 omncs
565 1213 693 1260 debet
714 1214 920 1260 Scatinia.
981 1212 1175 1274 Respice
1194 1213 1400 1275 primum,

240 1276 307 1324 Et
328 1284 524 1323 scrutare
539 1278 687 1324 viros:
722 1277 888 1323 faciunt
910 1278 956 1322 hi
978 1277 1133 1338 plura;
1168 1278 1246 1323 sed
1264 1277 1366 1325 iilos
1504 1280 1569 1325 45

241 1340 459 1388 Defendit
480 1356 704 1394 numerus,
719 1342 978 1402 junctaeque
998 1342 1192 1388 umbone
1210 1342 1467 1403 phalanges.

241 1404 418 1466 Magna
440 1406 554 1453 inter
575 1405 730 1451 molles
751 1405 997 1451 concordia.
1053 1404 1163 1451 Non
1184 1406 1269 1451 erit
1289 1405 1428 1451 ullum

245 1469 516 1531 Exemplum
539 1471 585 1515 in
607 1478 760 1517 nostro
781 1477 871 1516 tam
893 1470 1148 1516 detestabile
1168 1485 1293 1515 sexu.

242 1531 398 1580 Taedia
420 1549 508 1580 non
530 1534 682 1580 lambit
697 1532 918 1587 Cluviam,
944 1549 1027 1581 nec
1050 1533 1185 1580 Flora
1206 1533 1427 1580 Catullum
1444 1551 1459 1581 z

245 1595 396 1659 Hispo
417 1598 534 1644 subit
543 1599 748 1660 juvenes,
773 1607 818 1644 et
839 1599 993 1644 morbo
1013 1598 1148 1659 pallet
1168 1605 1371 1657 utroque.
1506 1601 1575 1646 50

244 1659 480 1722 Numquid
498 1676 582 1707 nos
600 1663 775 1723 agimus
795 1677 951 1708 causas
965 1662 988 1706 ’τ’
1020 1662 1165 1708 civilia
1177 1662 1281 1722 jura

245 1723 472 1771 Novimus
487 1725 510 1770 ἲ
543 1733 619 1771 aut
639 1726 729 1772 ullo
751 1726 936 1787 strepitu
954 1724 1052 1771 fora
1072 1734 1221 1772 vestra
1239 1740 1471 1772 movemus
1485 1724 1509 1770 9

246 1787 500 1836 Luctantur
517 1805 700 1851 paucae3
735 1790 974 1836 comedunt
994 1789 1182 1850 coliphia
1199 1803 1367 1850 paucae.

248 1849 348 1898 Vos
367 1853 512 1899 lanam
534 1855 718 1907 trahitis,
743 1854 1011 1913 calathisque
1030 1861 1209 1914 peracta
1227 1851 1398 1898 refertis

248 1911 456 1963 Vellera:
493 1933 576 1963 vos
597 1918 716 1963 tenui
737 1923 1045 1978 praegnantem
1067 1917 1255 1964 stamine
1272 1915 1423 1962 fusum
1512 1917 1577 1964 55

250 1978 476 2041 Penelope
495 1981 666 2034 melius,
689 1981 832 2033 levius
851 1982 1068 2042 torquetis
1089 1980 1326 2026 Arachnez
1540 1989 1543 1996 '

249 2043 450 2090 Horrida
468 2045 596 2104 quale
612 2044 720 2092 facit
739 2045 935 2092 residens
957 2046 1001 2090 in
1023 2044 1173 2092 codice
1192 2044 1351 2106 pellex·

251 2104 430 2154 Notum'
449 2117 532 2161 est,
555 2123 636 2154 cur
656 2110 752 2156 solo
771 2110 941 2156 tabulas
962 2109 1207 2170 impleverit
1228 2108 1389 2154 Hister

252 2171 467 2229 Libert03
501 2172 668 2220 dederit
686 2174 816 2220 vivus
837 2189 915 2220 cur
938 2174 1077 2220 multa
1096 2173 1269 2234 puellae.

251 2235 398 2283 Dives
418 2237 514 2290 erit,
538 2251 704 2299 magno
724 2253 825 2298 quae
844 2237 1008 2284 dormit
1027 2238 1156 2283 tertia
1175 2237 1307 2283 lecto.
1515 2241 1582 2284 60

251 2297 327 2346 Tu
349 2302 480 2353 nube,
503 2308 636 2361 atque
654 2309 777 2348 tace:
816 2301 983 2348 donant
1002 2315 1166 2356 areana!
1180 2299 1418 2361 cylindros.

253 2361 332 2409 De
353 2365 480 2410 nobis
499 2372 600 2425 post
619 2365 718 2411 haec
739 2365 875 2412 tristis
895 2365 1115 2412 sententia
1132 2363 1287 2410 fertur.

254 2426 355 2473 Dat
375 2429 548 2475 veniam
569 2429 728 2482 corvis,
751 2437 884 2492 vexat
904 2443 1091 2475 censura
1109 2429 1347 2474 columbas·

320 2490 558 2552 Fugerunt
575 2493 732 2554 trepidi
753 2508 858 2539 vera
877 2508 929 2538 ac
950 2491 1181 2538 manifesta
1200 2498 1433 2538 canentem

255 2553 493 2602 Stoicidae:
531 2556 636 2616 quid
655 2555 774 2602 enim
793 2555 891 2602 falsi
912 2555 1108 2602 Laronia
1123 2555 1146 2600 ?
1180 2555 1269 2602 Sed
1292 2553 1399 2614 quid
1515 2555 1579 2601 65

253 2615 364 2662 Non
384 2617 549 2666 facient
568 2620 656 2673 alii,
679 2635 780 2667 eum
802 2627 852 2665 tu
873 2619 1069 2666 multicia
1088 2633 1237 2664 sumas

253 2679 444 2738 Cretice,
469 2690 530 2740 et,
553 2684 668 2731 hano
687 2690 856 2734 vestem
877 2683 1041 2748 populo
1062 2682 1263 2734 mirante,
1286 2695 1463 2742 perores
