1859 2925
320 172 422 217 80*
651 164 688 215 J
689 164 1044 214 UVENALIS
1076 164 1187 214 Su.
1214 163 1304 212 vl.

320 292 534 349 Pecteris,
555 301 604 342 et
624 296 766 357 digito
785 297 950 357 pignus
968 294 1159 342 fortasse
1178 293 1351 341 dedisti·
1572 292 1645 339 27

317 356 454 405 Certe
474 374 609 406 sanus
629 360 751 407 eras!
787 374 987 413 uxorem,
1014 359 1243 412 Postume,
1266 356 1425 404 ducis?

314 421 421 476 Dic,
447 422 534 483 quii
553 424 810 485 Tisiphone,
835 424 993 484 quibus
1012 426 1237 485 exagitere
1258 420 1484 469 colubris?

313 486 453 534 Ferre
473 495 600 548 potes
622 489 860 541 dominam,
885 488 1018 534 salvis
1038 496 1107 535 tot
1128 488 1325 539 restibus,
1350 485 1519 532 ullam?
1568 488 1641 531 80

315 549 434 597 Cum
455 559 634 613 pateant
655 553 758 599 altae
779 550 1365 613 caligantesque·fenestrae?

313 613 434 662 Cum
457 617 534 662 tibi
555 616 748 663 vicinum
773 632 820 661 se
839 617 1033 678 praebest
1048 616 1259 661 AEmilius
1276 613 1423 674 pons?

312 680 410 725 Aut
431 681 468 726 si
489 681 546 727 de
565 681 716 727 multis
737 681 882 726 nullus
898 681 1045 741 placet
1064 680 1221 730 exitus,
1245 677 1353 723 illud

307 742 478 791 Nonne
497 751 626 805 putas
647 746 817 797 melius,
841 743 961 805 quod
982 751 1127 789 tecum
1149 742 1277 803 pusio
1296 740 1459 788 dormit
1474 741 1497 786 ’ἐ

307 804 461 861 Pusio,
487 810 562 869 qui
584 817 720 855 noctu
742 822 832 854 non
852 808 1011 869 litigat,
1036 806 1177 867 exigit
1196 822 1224 853 a
1243 816 1289 852 te
1560 808 1630 853 85

305 870 446 918 Nulla
460 874 616 934 jacens
637 873 725 919 illic
745 871 1020 923 munuscula,
1044 884 1127 917 nec
1148 870 1358 929 queritur,
1381 869 1501 929 quod

306 933 372 981 Et
392 936 516 982 lateri
537 952 703 997 parcas,
728 951 825 989 nec,
849 942 1062 995 quantum
1076 934 1225 995 jussit,
1248 934 1425 980 anheles
1439 933 1463 978 Ρ

305 998 395 1044 Sed
416 1001 558 1060 placet
583 999 763 1047 Ursidio
783 999 858 1046 lex
877 998 912 1046 J
913 999 1024 1045 ulia:
1063 998 1217 1044 tollere
1238 997 1410 1044 dulcem

305 1060 491 1123 Cogitat
510 1064 746 1117 haeredem,
771 1064 985 1109 cariturus
1007 1069 1178 1108 turture
1198 1076 1379 1123 magno,

303 1124 641 1187 Mullorumque
647 1128 782 1188 jubis,
806 1135 852 1173 et
872 1134 1095 1189 captatore
1115 1125 1314 1171 macello.
1500 1152 1505 1155 ·
1556 1129 1625 1173 40

301 1187 425 1242 Quid
445 1189 538 1236 fieri
559 1205 650 1237 non
671 1207 802 1252 posse
821 1201 963 1253 putes,
989 1192 1025 1236 si
1037 1190 1244 1252 jungitur
1263 1189 1355 1235 ulls.

301 1252 520 1300 Ursidio?
553 1255 588 1301 si
609 1257 884 1302 moechorum
907 1255 1162 1301 notissimus
1183 1254 1287 1299 olim

301 1316 448 1364 Stulta
469 1319 654 1365 maritali
667 1320 762 1381 jam
783 1319 971 1381 porrigit
990 1334 1069 1365 ora
1088 1318 1277 1381 capistro
1294 1334 1312 1375 ς

301 1380 452 1433 Quem
475 1384 606 1429 toties
629 1385 738 1429 texit
757 1384 940 1445 perituri
962 1383 1071 1429 cista
1092 1380 1279 1429 Latini?

299 1443 457 1499 Quid?
490 1448 609 1508 quod
630 1455 676 1495 et
695 1448 885 1510 antiquis
906 1463 1019 1494 uxor
1040 1446 1095 1493 de
1114 1447 1309 1493 moribus
1328 1445 1394 1493 illi
1548 1450 1615 1496 45

297 1509 540 1562 Quaeritur.
610 1511 654 1559 O
675 1513 833 1559 medici
851 1513 862 1560 Ξ
898 1513 1085 1558 mediam
1107 1511 1357 1572 pertundite
1377 1525 1556 1559 venam.

294 1573 494 1622 Delicias
515 1576 733 1625 bominis!
801 1575 1040 1638 Tarpeium
1061 1575 1196 1622 limen
1218 1575 1352 1622 adore

293 1637 485 1692 Pronus,
509 1648 557 1686 et
577 1648 773 1686 auratam
793 1639 964 1687 Junoni
984 1639 1367 1701 caedejuvencsm,

293 1703 343 1748 Si
364 1703 440 1749 tibi
462 1704 699 1766 contigerit
719 1705 871 1765 capitis
892 1712 1093 1750 matrona
1113 1703 1273 1764 pudici.

293 1765 458 1814 Peucae
478 1769 588 1814 adeo
612 1767 788 1816 Cereris
810 1769 942 1814 vittas
963 1768 1221 1828 contingere
1240 1767 1404 1828 dignae,
1544 1771 1611 1816 50

291 1829 495 1884 Quarum
517 1847 607 1878 non
629 1833 783 1879 timeat
797 1839 922 1894 pater
943 1833 1105 1878 oscula.
1174 1829 1323 1876 Necte
1342 1846 1553 1880 coronam

288 1893 512 1949 Postibus,
535 1904 582 1944 et
602 1897 762 1943 densos
783 1912 862 1958 per
880 1896 1033 1942 limina
1052 1894 1185 1942 tende
1204 1895 1452 1955 corymbos.

291 1958 425 2005 Unus
449 1959 636 2008 Iberinae
652 1961 722 2006 vir
743 1960 941 2006 sufficit?
1006 1960 1161 2020 Ocyus
1180 1958 1289 2004 illud

285 2021 599 2084 Extorquebis,
624 2032 674 2070 ut
695 2025 792 2070 haec
813 2025 945 2070 oculo
966 2030 1175 2070 contenta
1194 2022 1252 2068 sit
1271 2035 1377 2068 uno.

285 2085 462 2147 Magna
481 2095 630 2134 tamen
649 2088 768 2135 fama
787 2095 858 2134 est
877 2088 1103 2150 cujusdam
1124 2101 1227 2134 rure
1245 2093 1431 2148 paterno
1539 2091 1605 2137 5⁵

285 2150 507 2198 Viventis.
578 2151 716 2199 Vivat
739 2153 908 2204 Gabiis,
933 2159 984 2198 ut
1003 2152 1116 2198 vixit
1135 2152 1181 2196 in
1202 2165 1345 2211 agn-03

282 2214 424 2260 Vivat
443 2214 650 2263 Fidenis!
718 2215 785 2262 Et
805 2217 951 2277 agello
972 2216 1081 2262 cedo
1098 2222 1281 2276 paterno
1294 2231 1308 2259 ι

285 2278 402 2332 Quis
423 2285 570 2325 tamen
592 2279 794 2332 affirmat,
821 2280 883 2324 nil
903 2287 1052 2324 actum
1074 2279 1119 2323 in
1142 2277 1378 2330 montilms,
1400 2285 1480 2324 aut
1498 2279 1547 2325 in

284 2341 516 2402 Speluncis
529 2342 553 2386 ἲ
584 2343 694 2389 adeo
717 2349 957 2388 senuerunt
980 2341 1157 2403 Jupiter
1176 2347 1222 2387 et
1243 2340 1407 2387 Mars?

345 2404 653 2452 Porticibusne
673 2407 751 2452 tibi
771 2412 1043 2451 monstratur
1062 2405 1225 2450 femina
1244 2411 1353 2449 voto
1532 2411 1599 2453 60

278 2467 439 2528 Digna
459 2476 537 2516 tuo
550 2470 574 2514 ?
605 2470 758 2516 cuneis
777 2483 834 2515 an
855 2469 1019 2514 habent
1034 2467 1280 2530 spectacula
1298 2466 1406 2514 totis

279 2528 418 2583 Quod
437 2547 616 2578 securus
637 2547 773 2585 ames,
796 2532 1004 2592 quodque
1023 2532 1127 2578 inde
1146 2545 1379 2591 excerpere
1397 2531 1579 2594 possis?

280 2591 584 2642 chironomon
608 2595 778 2642 Ledam
799 2595 923 2642 molli
945 2595 1133 2641 saltante
1151 2593 1379 2654 Bathyllo,

275 2655 445 2706 Tuccia
463 2660 626 2709 πείσω
650 2674 742 2727 non
763 2658 981 2722 imperata
1017 2658 1196 2722 Appula
1214 2658 1386 2722 gannit»
