1859 2925
519 154 917 213 ‚JtJVENALIs
948 155 1061 205 Su·-
1088 154 1185 203 IX.
1458 154 1523 203 ‘61

162 285 289 341 Qui
311 299 540 347 nunquam
559 286 801 347 attigerant
819 287 991 349 majora
1010 284 1239 341 cadavera,
1262 284 1402 340 corvi,
1428 286 1525 333 258

187 350 374 399 Nobilis
395 358 578 397 ornatur
596 351 722 397 lauro
745 350 918 413 collega
940 349 1149 398 secunda.

189 414 390 462 Plebeiae
412 414 660 463 Deciorum
682 416 857 469 animae,
883 416 1052 477 plebeia
1070 416 1252 462 fuerunt

186 479 421 527 Nomina:
460 496 540 541 pro
563 480 668 526 totis
687 480 939 541 legionibus
960 481 1005 527 hi
1026 486 1191 535 tamen,
1216 487 1261 527 et
1280 494 1363 543 pro
1428 480 1525 526 255

189 544 416 593 Omnibus
437 544 624 597 auxiliis,
649 542 782 605 a'tque
803 545 925 590 omni
946 546 1062 605 pube
1083 543 1263 598 Latini,

191 610 436 657 Sufficiunt
457 608 547 655 Dis
568 608 766 663 infernis,
790 608 1038 670 Terraeque
1057 610 1258 671 parenti:

187 672 346 721 Pluris
367 674 486 720 enim
508 672 658 727 Decii,
682 689 815 733 quam
837 689 941 733 quae
963 682 1197 721 servantur
1216 674 1271 721 ab
1289 672 1391 719 illis.

189 736 376 785 Ancillz‘i
396 746 526 785 natus
547 739 742 785 trabeam
765 746 810 785 et
830 739 1029 785 diadema
1053 738 1245 793 Quirini,

188 802 261 851 Et
280 802 426 851 fasces
447 803 624 857 meruit,
648 819 806 864 regum
829 804 1012 849 ultimus
1032 804 1107 849 ille
1127 805 1361 850 bonorum„
1427 806 1527 849 260

188 868 382 915 Prodita
401 868 607 917 laxabant
627 876 853 929 portarum
877 868 1069 914 claustra
1088 869 1294 929 tyrannis

189 931 442 980 Exsulibus
454 933 646 995 juvenes
666 932 804 993 ipsius
826 932 1037 987 consulis,
1060 940 1107 979 et
1128 948 1241 993 quos

169 997 426 1059 ¹{Magnum
447 997 611 1056 aliquid
631 994 761 1043 dubia
780 1013 862 1057 pro
883 998 1085 1044 libertate
1106 998 1297 1051 deceret,
1386 1040 1393 1045 .

195 1062 338 1115 Quod
359 1062 592 1107 miraretur
613 1076 716 1107 cum
741 1059 917 1109 Coclite
939 1061 1139 1116 Mucius,
1162 1069 1209 1109 et
1230 1076 1335 1123 quae

190 1117 380 1188 Imperii
399 1124 512 1172 fines
531 1124 792 1173 Tiberinum
814 1126 947 1188 virgo
967 1127 1149 1173 natavit.
1429 1127 1526 1173 265

191 1191 392 1239 Occulta
411 1190 468 1237 ad
489 1189 650 1237 Patres
670 1190 881 1253 produxit
901 1191 1087 1237 erimina
1106 1206 1279 1246 servus,

189 1256 424 1303 Mati-onis
443 1255 693 1317 lugendus:
733 1262 779 1301 at
800 1255 900 1301 illos
921 1256 1105 1302 verbera
1115 1256 1255 1317 justis

188 1320 416 1368 Afficiunt
435 1320 594 1381 pennis,
619 1326 666 1365 et
683 1318 836 1380 legum
858 1319 1003 1380 prima
1022 1321 1203 1367 securis-

259 1384 392 1431 Malo
413 1391 537 1445 pater
558 1384 636 1429 tibi
658 1384 716 1429 sit
735 1382 980 1438 Thersites,
1005 1384 1247 1431 dummodo
1269 1392 1321 1432 tu
1341 1384 1404 1432 sis

189 1448 402 1497 AEacidae
423 1448 591 1502 similis,
615 1446 924 1510 Vulcaniaque
946 1465 1067 1497 arma
1088 1465 1305 1512 capessas,
1420 1451 1525 1498 270

165 1557 173 1564 .
193 1515 350 1569 Quam
372 1521 420 1561 te
438 1513 661 1560 Tbersitae
683 1513 872 1560 similem
891 1514 1109 1576 producat
1128 1515 1347 1561 Achilles·

191 1579 263 1627 Et
284 1587 448 1631 tamen,
474 1585 524 1624 ut
545 1579 682 1640 longe
703 1585 890 1639 repetas,
913 1579 1139 1642 longeque
1156 1580 1361 1627 revolvas

191 1644 398 1697 Nomen,
421 1643 476 1689 ab
495 1642 648 1689 infami
667 1650 852 1704 gentem
875 1643 1054 1691 deducis
1074 1644 1215 1704 asylo.

191 1708 428 1772 Majorum
448 1708 618 1769 primus
639 1708 838 1768 quisquis
857 1707 943 1754 fuit
964 1709 1038 1754 ille
1058 1715 1255 1764 tuorum,

191 1773 296 1822 Aut
315 1779 466 1836 pastor
483 1771 584 1828 fuit,
607 1780 686 1820 sut
705 1772 828 1827 illud,
851 1773 973 1834 quod
994 1773 1139 1821 dicere
1159 1773 1281 1821 nolo.
1427 1773 1523 1820 275

661 1967 918 2016 SATIRA
951 1967 1046 2016 IX.

191 2098 346 2146 Sem:
366 2097 514 2153 velim,
539 2114 674 2160 quare
693 2099 828 2148 toties
846 2100 970 2154 mihi,
994 2098 1205 2153 Naevole,
1228 2098 1369 2146 tristis

189 2163 419 2210 Occurras
438 2162 587 2211 fronte
607 2162 810 2219 obducffi,
835 2181 918 2212 ceu
940 2165 1131 2227 Marsya
1150 2164 1311 2212 victus.

195 2227 324 2282 Quid
344 2227 420 2273 tibi
443 2243 546 2275 cum
571 2229 712 2283 vultu,
733 2230 906 2290 qualem
923 2229 1167 2292 deprensus
1186 2230 1373 2276 habebut
1471 2258 1477 2264 -

192 2291 388 2346 Revela,
413 2292 520 2339 dum
541 2293 786 2356 Rhodopes
807 2293 895 2342 uda
915 2295 1019 2342 terit
1036 2295 1227 2357 inguina
1244 2289 1379 2340 barba
1392 2290 1416 2336 ἰ’

191 2357 302 2403 Nos
323 2357 557 2419 colaphum
579 2358 820 2405 incutimus
839 2359 1052 2418 lambenti
1072 2359 1269 2406 crustula
1288 2371 1435 2404 servo·
1488 2357 1524 2402 5

192 2420 308 2467 Non
329 2429 426 2468 erat
445 2422 528 2469 hac
547 2422 660 2470 facie
680 2423 969 2470 miserabilior
989 2423 1258 2485 Crepereius

190 2485 359 2539 Pollio,
383 2486 474 2547 qui,
497 2487 714 2548 triplicem
736 2503 916 2534 usuram
938 2495 1151 2550 praestare
1169 2491 1368 2548 paratus,-

169 2549 387 2607 ‚Cu-cuit,
412 2557 458 2598 et
478 2550 627 2598 fatuos
648 2566 742 2598 non
759 2552 947 2600 invenit.
1010 2551 1147 2598 Unde
1168 2555 1350 2610 repente

190 2613 290 2670 Tot
311 2627 440 2677 rugae
453 2615 477 2661 ἲ
509 2623 632 2664 certe
650 2617 827 2664 modico
847 2624 1087 2664 contentus
1106 2615 1273 2676 agebas

193 2678 398 2740 Vernsm
420 2681 630 2744 equitem.
653 2681 848 2731 conviva
857 2682 969 2745 joco
990 2680 1223 2728 mordente
1242 2675 1429 2732 facetus,
1469 2678 1531 2720 10

1045 2758 1077 2789 α
1298 2773 1311 2780 .
