1859 2925
508 174 896 226 JUVENALIS
929 178 1041 225 Su.
1064 176 1152 225 vl.
1433 178 1497 225 ³⁵

170 304 242 354 Et
262 306 427 369 spoliis.
482 305 630 369 Igitur
645 306 784 369 longe
803 307 957 355 minus
972 306 1101 356 uuna·
1112 308 1173 355 illi
1400 310 1497 355 210

173 368 323 425 Uxor,
347 372 544 432 quisquis
564 372 648 419 erit
665 374 808 418 bonus
829 373 1135 434 optandusque
1154 371 1354 419 maritus.

168 434 258 481 Nil
277 450 472 497 unquam
492 434 633 482 invita
651 437 834 483 donabis
852 438 1072 499 conjuge:
1111 437 1291 491 vendes,

171 498 284 546 Hac
302 501 518 559 obstante,
542 500 676 547 nihil:
715 501 836 553 nihil,
862 502 959 547 haec
980 502 1017 546 si
1038 501 1173 555 nolet,
1197 507 1381 548 ememt-

171 562 298 611 Haec
319 565 436 611 dabit
455 562 663 611 affectus:
701 564 776 611 ine
797 564 1055 611 excludetur
1076 567 1243 612 amicus

169 626 280 675 Jam
301 629 459 681 senior,
485 629 610 690 cujus
627 629 804 675 barbam
827 636 903 675 tua
912 628 1055 691 janua
1074 630 1199 676 vidit.
1400 630 1497 677 215

168 690 387 739 Testandi
408 706 510 739 cum
532 692 589 738 sit
609 693 838 739 lenonibus
858 700 993 753 atque
1012 693 1183 740 lanistis

169 753 392 810 Libertas,
416 764 461 803 et
475 757 590 819 juris
611 757 726 803 idem
749 758 980 819 contingat
1000 772 1175 815 arenae3

169 818 286 866 Non
307 834 422 866 unus
444 821 520 866 tibi
543 821 690 868 rivalis
711 820 943 867 dictabitur
962 823 1123 868 haeres.

170 883 305 931 Pone
324 900 500 932 crucem
523 900 666 931 servo.
719 884 893 931 Meruit
912 900 1003 945 quo
1025 886 1207 932 crimine
1228 900 1381 932 servus

171 948 478 1011 Supplicium?
499 950 597 1009 quis
609 949 735 995 testis
747 950 899 996 adest?
916 951 1015 1010 quis
1026 950 1212 996 detulit?
1236 950 1378 995 Audi:
1402 950 1499 994 220

169 1011 315 1059 Nulla
335 1026 526 1073 unquam
548 1013 604 1059 de
623 1020 768 1059 morte
788 1014 981 1060 hominis
1001 1014 1222 1071 cunctatip
1242 1014 1380 1075 longa
1394 1020 1479 1059 est.

169 1076 218 1123 Ο
240 1077 436 1130 demens,
461 1078 522 1123 ita
543 1092 696 1123 servus
715 1078 850 1123 homo
872 1076 975 1124 est?
1008 1078 1071 1123 nil
1088 1077 1255 1131 fecerit,
1279 1086 1402 1124 esto:

169 1139 286 1188 Hoc
305 1141 422 1194 volo,
448 1142 510 1187 sic
522 1142 688 1203 jube03
713 1140 770 1187 sit
789 1155 871 1202 pro
892 1142 1063 1187 ratione
1082 1142 1302 1188 voluntas.

236 1202 434 1266 Imperat
452 1220 562 1265 ergo
586 1205 706 1251 viro:
747 1204 824 1251 sed
839 1216 954 1251 mox
974 1207 1071 1252 haec
1093 1220 1231 1268 regna
1251 1204 1471 1266 reliuquiu

169 1267 494 1329 Permutatque
514 1268 685 1321 domos,
709 1276 756 1315 et
776 1268 982 1315 flammea
1003 1270 1216 1315 conterit:
1252 1269 1357 1315 inde
1401 1270 1497 1316 22⁵

171 1332 388 1387 Advolat,
411 1340 458 1379 et
479 1332 613 1395 spreti
635 1333 793 1393 repetit
815 1333 1005 1395 vestigia
1023 1332 1139 1379 lecti.

171 1396 367 1446 Ornatas
387 1398 517 1459 paulo
539 1404 644 1443 ante
659 1396 793 1450 fores,
815 1396 1051 1459 pendentia
1070 1396 1241 1456 linquit·

169 1460 290 1509 Vela
311 1462 498 1520 domsss;
532 1469 579 1509 et
599 1463 740 1508 adhuc
760 1462 922 1510 virides
939 1462 989 1508 ,in
1008 1460 1161 1508 limine
1180 1475 1343 1508 ramos·

173 1526 250 1574 Sic
272 1527 432 1574 crescit
451 1541 660 1574 numerus
672 1543 689 1584 ς
722 1526 785 1572 sic
806 1526 919 1573 fiunt
940 1533 1043 1573 octo
1062 1526 1223 1586 mariti,

172 1590 387 1654 Quinque
421 1605 501 1654 per
541 1598 835 1638 auctumnosz
889 1591 1019 1640 titulo
1060 1605 1131 1638 res
1173 1589 1309 1653 digna
1350 1589 1497 1651 sepul-

366 1655 443 1702 cri;
644 1679 650 1691 ·
1166 1679 1177 1688 ι
1396 1657 1514 1700 230²

233 1719 530 1782 Desperanda
550 1721 628 1767 tibi
651 1717 772 1766 salva
791 1717 1027 1766 concordia
1048 1733 1203 1766 socru:

171 1783 260 1834 Illa
280 1785 413 1832 docet
433 1785 582 1846 spoliis
603 1785 709 1832 nudi
729 1785 922 1846 gaudere
943 1784 1116 1841 mariti3

171 1849 259 1897 ma
281 1850 426 1904 docet,
447 1850 595 1896 missis
615 1865 643 1896 a
662 1855 917 1911 corruptore
936 1848 1119 1901 tabellis,

172 1913 256 1962 Nil
276 1915 386 1960 rude
407 1927 489 1961 nec
511 1914 698 1976 simplex
719 1913 979 1960 rescribere:
1018 1911 1177 1972 decipit
1195 1910 1272 1957 illa

174 1977 413 2032 Custodes,
438 1986 514 2025 aut
535 1993 625 2024 aere
647 1978 821 2024 domat:
859 1983 981 2030 tunc,
1006 1991 1190 2038 corpore
1212 1989 1334 2027 sano,
1401 1973 1497 2020 235

171 2043 384 2090 Advocat
405 2041 704 2104 Archigenen,
728 2055 1003 2102 onerosaque
1020 2040 1151 2102 pallia
1160 2041 1317 2102 Jactat.

173 2107 367 2156 Abditus
388 2107 557 2154 interea
573 2107 683 2153 latet
703 2113 749 2153 et
769 2112 966 2153 secretus
985 2105 1170 2158 adulter,

173 2171 504 2232 Impatiensque
524 2185 662 2217 morae
682 2177 828 2234 pavet,
852 2177 898 2217 et
917 2169 1132 2232 praeputia
1152 2168 1288 2216 ducit.

175 2237 356 2284 Scilicet
377 2243 620 2297 exspectas,
645 2245 696 2282 ut
705 2235 860 2281 tradat
879 2241 1020 2280 mater
1040 2235 1267 2286 honestos,

171 2300 328 2360 Atque
347 2300 458 2347 alios
478 2313 638 2352 mores,
664 2315 795 2362 quam
811 2313 923 2362 quos
938 2297 1097 2345 habet?
1127 2299 1235 2344 utile
1249 2311 1391 2360 porro.
1404 2297 1499 2340 240

173 2363 519 2426 Filiolamturpi
541 2363 705 2411 vetulae
725 2364 967 2426 producere
987 2370 1175 2473 turpem.

235 2427 379 2476 Nulla
397 2428 491 2475 fere
511 2443 643 2476 causa
662 2436 745 2482 est,
768 2429 814 2474 in
836 2425 923 2488 quii
944 2441 1035 2475 non
1074 2427 1220 2473 emina
1241 2425 1385 2471 litem.

171 2492 390 2541 Movet-it.
442 2494 644 2540 Accusat
665 2492 866 2546 Manilia,
891 2491 928 2537 si
951 2507 1025 2540 rea
1045 2505 1136 2538 non
1158 2498 1240 2538 est.

174 2556 466 2620 componunt
484 2558 594 2620 ipsae
614 2573 694 2620 per
715 2573 775 2611 se,
798 2557 1080 2621 formantque
1098 2555 1283 2606 libellos,

173 2621 448 2688 Principium
469 2631 604 2686 atque
623 2623 748 2673 locos
769 2619 906 2672 Celso
923 2623 1093 2676 dictare
1111 2625 1291 2684 paratae.
1405 2617 1501 2661 245
1514 2615 1527 2636 ⁴
