1859 2925
324 142 408 197 ὅθ’
636 142 673 192 J
675 136 1030 191 UVENALIS
1060 142 1175 191 Su.
1202 140 1349 192 vm.

329 269 643 323 Dissimilem:
679 272 844 334 quippe
861 272 951 326 ille,
974 270 1094 319 Deis
1114 270 1379 324 auctoribus,
1402 268 1527 317 ultor
1568 270 1681 319 216

333 339 484 386 Patris
503 345 600 385 eret
620 338 726 383 caesi
746 338 892 383 media
911 338 1029 383 inter
1049 338 1235 398 pocula:
1276 336 1354 381 sed
1373 350 1459 382 nec

335 404 534 452 Electrae
547 403 712 465 jugulo
735 418 784 449 se
803 402 975 464 polluit,
1001 409 1079 447 aut
1102 401 1306 463 Spartani

334 467 565 529 Sanguine
585 468 811 528 conjugii3
844 466 979 512 nullis
998 466 1174 512 aconita
1193 464 1451 527 propinquis

335 533 555 589 Miscuit3
577 532 624 576 in
647 530 782 577 scens.
805 546 1030 591 nunquam
1054 531 1248 577 cantavit
1270 529 1485 586 Orestes;
1576 527 1682 575 220

335 597 506 645 Troica
526 610 619 641 non
640 596 826 657 scripsit.
887 595 1015 649 Quid
1032 595 1151 642 enim
1174 594 1421 657 Verginius
1442 593 1581 641 armi's

338 661 514 709 Debuit
535 660 686 706 ulcisci
707 660 867 721 magis,
892 667 983 713 aut,
1009 674 1112 705 cum
1134 658 1339 711 Vindice,
1366 658 1553 705 Galba?

341 726 467 781 Quid
487 724 614 771 Nero
637 732 729 771 tam
753 722 874 771 saevss.
893 721 1119 784 crudique
1139 723 1373 785 tyrannide
1392 722 1499 769 fecit
1510 722 1538 768 ἰ’

341 790 464 837 Haec
485 804 633 851 opera,
657 797 789 849 atque
809 790 882 835 bae
904 795 1009 833 runt
1029 789 1236 850 generosi
1258 788 1467 850 principis
1488 794 1626 841 artes,

343 854 596 902 Gaudentis
614 854 737 899 foedo
757 853 993 915 peregrina
1013 854 1070 899 ad
1089 853 1259 915 pulpita
1280 853 1395 899 saltu
1576 854 1677 901 225

271 974 281 982 =
340 919 572 972 Prostitui,
601 918 842 978 Graiaeque
861 917 1009 979 apium
1032 919 1247 963 memisse
1268 932 1464 964 coronae.
1553 960 1558 963 .

343 984 574 1046 Majorum
585 982 768 1043 effigies
788 982 979 1028 habeant
998 982 1193 1044 insignia
1210 982 1335 1028 vocis
1352 998 1365 1029 t

343 1049 470 1096 Ante
489 1047 624 1111 pedes
647 1046 826 1093 Domiti
845 1047 1034 1109 longum
1056 1053 1107 1092 tu
1128 1062 1247 1108 pone
1266 1046 1487 1108 Thyestae

347 1115 512 1174 Syn-ma
533 1112 605 1158 vel
628 1111 889 1173 Antigonae,
916 1126 997 1158 seu
1015 1126 1251 1173 personam
1273 1111 1589 1173 Menalippes3

344 1178 413 1226 Et
433 1177 490 1223 de
510 1191 760 1223 marmoreo
781 1177 993 1223 citharam
1016 1176 1235 1237 suspende
1255 1176 1444 1222 colosso.
1583 1172 1683 1221 230

349 1242 487 1297 Quid,
515 1239 720 1294 Catilina,
745 1241 834 1287 tuis
856 1240 1085 1293 natalibus,
1110 1248 1243 1301 atque
1264 1238 1474 1303 Cethegi,

345 1306 557 1354 Inveniet
573 1305 806 1366 quisquam
829 1306 1057 1351 sublimius
1074 1305 1097 1349 2
1129 1320 1253 1352 anna
1272 1313 1421 1351 tamen
1443 1320 1529 1351 vos

346 1371 600 1424 Nocturna,
625 1376 673 1416 et
691 1369 894 1416 flammas
915 1369 1119 1416 domibus
1138 1370 1402 1431 templisque
1420 1367 1627 1431 parastis,

347 1436 423 1484 Ut
443 1435 767 1482 Brachstorum
787 1436 926 1497 pueri,
954 1434 1271 1496 Senonumque
1290 1435 1501 1490 minores,

351 1501 482 1554 Ausi,
507 1501 626 1562 quod
645 1501 776 1554 liceat
798 1497 950 1546 tunicii
966 1500 1125 1561 punire
1144 1499 1347 1546 molesta.
1578 1501 1683 1548 '285

353 1565 444 1614 Sed
463 1565 619 1627 vigilat
640 1565 810 1618 consul,
833 1565 1086 1624 vexillaque
1104 1573 1254 1612 vestra
1276 1565 1466 1611 coercet.

353 1630 450 1678 Hic
470 1645 616 1676 novus
637 1630 846 1690 Arpinas,
871 1629 1095 1691 ignobilis,
1118 1637 1165 1674 et
1186 1629 1319 1675 modo
1341 1629 1510 1676 Romae

351 1693 642 1755 Municipelis
663 1705 810 1754 eques,
835 1695 1061 1756 galeatum
1080 1695 1209 1754 ponit
1229 1695 1389 1754 ubique

355 1757 622 1806 Praesidium
639 1759 858 1812 attonitis,
883 1765 929 1804 et
949 1759 997 1804 in
1020 1759 1142 1805 omni
1162 1766 1301 1820 gente
1319 1753 1504 1804 laliorat.

351 1823 553 1871 Tantum
573 1823 725 1886 igitur,
749 1838 902 1870 muros
923 1823 1055 1876 intra,
1080 1829 1189 1884 toga
1210 1824 1399 1870 contulit
1418 1822 1483 1868 illi
1585 1821 1684 1871 240

355 1887 568 1934 Nominis
590 1895 636 1934 et
655 1887 788 1941 tituli,
813 1895 1028 1948 quantum
1049 1901 1141 1934 non
1166 1887 1386 1942 Leucade,
1411 1894 1628 1948 quantum

355 1952 605 1999 Thessaliae
625 1952 806 2014 campis,
832 1951 1049 1999 Octavius
1070 1952 1249 1998 abstulit
1268 1952 1357 1998 udo

359 2015 570 2064 Caedibus
591 2017 778 2063 assiduis
797 2017 948 2078 gladio
966 2033 978 2062 z
1018 2017 1096 2064 sed
1116 2016 1267 2064 Roma
1286 2023 1529 2079 parentem,

355 2081 509 2128 Roma
532 2079 712 2126 Patrem
736 2080 902 2127 Patriae
926 2079 1191 2128 Ciceronem
1212 2082 1347 2128 libera
1367 2080 1494 2128 dixit.

357 2145 554 2207 Arpinas
575 2144 688 2190 alius
708 2143 981 2192 Volscorum
1001 2147 1049 2192 in
1070 2152 1225 2192 monte
1246 2145 1412 2192 solebat
1592 2149 1685 2196 245

357 2209 556 2257 Poscere
575 2209 802 2256 mercedes
823 2210 967 2256 alieno
988 2211 1131 2257 lassus
1151 2219 1327 2257 aratro:

359 2273 595 2321 Nodosam
615 2280 720 2333 post
741 2273 840 2320 haec
857 2273 1092 2336 frangebat
1112 2275 1280 2321 vertice
1298 2275 1453 2328 vitem,

362 2337 412 2384 si
432 2338 582 2384 lentus
601 2335 730 2398 pigra
750 2337 943 2384 muniret
964 2345 1107 2384 castra
1128 2337 1318 2385 dolabra.

361 2400 458 2446 Hic
480 2407 630 2446 tamen
651 2408 698 2447 et
715 2399 938 2454 Cimbros,
964 2410 1011 2448 et
1032 2417 1207 2449 summa
1224 2403 1421 2464 pericula
1441 2417 1588 2450 rerum

361 2463 559 2525 Excipit,
585 2472 631 2510 et
654 2466 774 2512 solus
797 2465 1090 2527 trepidantem
1113 2468 1307 2529 protegit
1331 2465 1519 2514 Urbem.
1596 2469 1685 2516 250

361 2529 517 2590 Atque
536 2528 650 2640 iiigo,
677 2537 912 2592 postquam
940 2529 995 2576 sd
1018 2528 1227 2580 Cimbros
1255 2539 1541 2595 stragemque
1566 2533 1683 2582 vole·
