1859 2925
509 148 900 203 IUVENALIS
934 150 1049 201 Su.
1074 150 1187 201 VL·
1453 156 1518 203 4⁵

153 276 392 327 Praebebit
411 279 506 328 vati
525 281 730 329 crebrum
741 296 995 393 popphysma
1011 282 1205 345 roganti.

152 344 398 393 Divitibus
413 361 626 408 responsa
645 346 811 393 dabunt
900 362 987 407 ryx
1007 362 1165 409 augur,
1185 353 1231 395 et
1255 344 1397 395 Indua
1417 350 1523 395 58⁵

157 408 435 459 conductus
452 428 468 468 ς
503 411 622 457 dabit
643 417 864 457 astrorum
883 412 1127 473 mundique
1148 412 1331 473 peritus,

160 473 326 533 Atque
346 476 502 537 aliquis
524 475 686 529 senior,
709 476 785 535 qui
806 476 981 537 publica
999 476 1180 538 fulgura
1200 476 1367 523 condit.

155 535 396 585 Plebeium
419 540 465 585 in
484 538 622 588 Circo
639 540 836 601 positum
858 548 941 594 est,
964 548 1014 587 et
1032 540 1081 586 in
1097 556 1278 603 aggere,
1302 540 1463 589 fatum.

165 600 296 654 Quae
313 603 442 649 nudis
458 604 648 665 longum
665 605 860 651 ostendit
883 606 1129 652 cervicibus
1150 621 1321 659 aurum,

163 664 384 713 Consulit
404 675 509 714 ante
529 669 696 730 phalas,
721 669 1117 731 delphinorumque
1138 671 1381 725 columnas,
1416 672 1519 720 590

159 734 246 781 An
270 746 382 793 saga
401 732 612 780 vendenti
635 734 785 787 nubat,
810 748 1012 795 caupone
1034 734 1203 781 relicto.

231 795 328 843 Hae
349 804 500 844 tamen
517 805 565 844 et
584 798 738 859 partus
755 798 946 845 subeunt
962 798 1212 853 discrimen,
1232 804 1277 847 et
1296 814 1455 847 omnes

161 858 373 907 Nutricis
390 863 597 916 tolerant,
621 860 802 909 fortunii
823 870 1027 924 urgente,
1052 862 1257 921 labores3

167 924 263 971 Sed
274 926 398 986 jacet
414 934 571 973 aurato
587 927 666 973 vix
687 927 778 973 ulla
791 942 1008 988 puerpera
1020 926 1155 973 lecto.

161 986 368 1035 Tantum
391 998 510 1038 artes
530 992 677 1053 huius,
693 998 868 1038 tantum
883 992 1176 1038 medicamina
1194 1000 1399 1055 possunt,
1418 994 1519 1041 595

169 1051 296 1107 Quae
318 1054 488 1103 steriles
506 1055 629 1109 facit,
655 1063 790 1116 atque
810 1056 1013 1103 homines
1034 1056 1081 1102 in
1101 1064 1260 1104 ventre
1280 1056 1505 1104 necandos
1579 1057 1581 1061 ’

167 1115 413 1165 Conducit.
473 1120 650 1175 Gaude,
673 1120 844 1174 infelix,
863 1127 1000 1180 atque
1019 1120 1114 1182 ipse
1127 1121 1365 1168 bibendum

165 1181 376 1244 Porrige,
399 1184 610 1246 quidquid
631 1186 745 1232 erit:
785 1199 889 1231 nam
913 1185 951 1231 si
974 1185 1225 1235 distendere
1244 1186 1417 1249 vellet„

163 1244 234 1293 Et
250 1262 416 1295 vexare
431 1257 606 1295 uterum
627 1249 776 1312 pueris
799 1248 1069 1303 salientibus,
1089 1265 1211 1297 esses

162 1310 397 1375 AEthiopis
417 1312 606 1361 fortasse
625 1321 776 1376 pater:
815 1328 924 1361 mox
945 1314 1125 1360 decolor
1144 1315 1289 1361 haeres
1417 1318 1521 1361 600

161 1374 386 1439 Impleret
406 1378 588 1431 tabulas,
612 1393 840 1439 nunquam
863 1379 942 1425 tibi
964 1394 1096 1426 mane
1114 1379 1347 1427 videndus.

231 1440 438 1491 Transeo
455 1444 721 1506 suppositos,
740 1451 787 1491 et
801 1444 979 1507 gaudia,
1003 1451 1197 1505 votaque
1218 1458 1339 1506 saepe

164 1507 246 1554 Ad
267 1522 452 1569 spurcos
473 1509 655 1570 decepta
668 1509 806 1564 lacus,
830 1517 965 1570 atque
987 1508 1091 1556 inde
1109 1510 1275 1570 petitos

166 1571 416 1620 Pontifices
439 1573 598 1627 Salios,
625 1573 894 1622 Scaurorum
916 1574 1099 1620 nomina
1112 1573 1226 1620 falso
1520 1609 1525 1616 .

169 1634 375 1698 corpore
395 1637 577 1684 laturos.
637 1637 738 1686 Stat
759 1637 966 1686 Fortuna
985 1638 1185 1700 improba
1204 1645 1357 1692 noctu,
1412 1639 1515 1688 605

161 1701 384 1748 Atridens
399 1703 530 1750 nudis
549 1701 802 1750 infantibus.
863 1702 971 1750 Hos
989 1702 1116 1750 fovet
1137 1718 1309 1758 omnes,

165 1764 456 1829 Involvitque
473 1768 574 1814 sinu
591 1783 604 1814 ε
641 1767 844 1814 domibus
862 1774 973 1814 tunc
994 1767 1185 1830 porrigit
1204 1767 1320 1822 altis,

166 1831 490 1893 Secretumque
507 1831 588 1878 sibi
608 1831 794 1878 mimum
811 1839 967 1894 parat:
1005 1832 1087 1878 hos
1108 1839 1242 1885 amat,
1267 1831 1337 1878 his
1354 1848 1405 1880 se

171 1893 362 1958 Ingerit,
388 1903 526 1957 utque
545 1911 652 1942 suos
671 1896 820 1944 ridens
839 1896 1045 1959 producit
1066 1897 1286 1942 alumnos.

232 1959 328 2006 Hic
341 1961 544 2022 magicos
558 1959 686 2007 affert
697 1968 869 2015 cantus,
886 1961 958 2006 hic
975 1959 1193 2008 Thessala
1213 1961 1367 2008 vendit
1414 1965 1517 2010 610

170 2022 358 2077 Philtra,
383 2025 542 2085 quibus
559 2025 702 2072 valeat
724 2032 921 2072 mentem
944 2039 1109 2072 vexare
1125 2025 1285 2087 tna-riti,

167 2087 234 2136 Et
254 2086 378 2136 solea
397 2089 574 2151 pulsare
595 2097 736 2136 nates.
792 2088 930 2144 Quod
952 2089 1127 2151 desipis,
1152 2089 1256 2136 inde
1276 2097 1346 2137 est
1360 2107 1377 2139 ι

169 2151 284 2200 Inde
303 2153 441 2201 animi
463 2155 626 2216 caligo,
650 2162 696 2201 et
717 2168 883 2215 magna
904 2154 1068 2200 oblivio
1091 2169 1254 2207 rerum,

168 2217 296 2272 Quas
317 2219 453 2265 modo
474 2219 667 2281 gessisti.
722 2217 898 2266 Tamen
920 2219 1006 2264 hoc
1028 2219 1267 2272 tolerabile,
1293 2220 1330 2266 si
1353 2234 1445 2266 non

165 2282 231 2330 Et
252 2282 401 2330 furere
420 2284 618 2345 incipias,
641 2290 692 2330 ut
713 2283 961 2329 avunculus
977 2283 1051 2328 ille
1068 2282 1281 2338 Neronis,
1414 2286 1511 2332 615

167 2345 257 2398 Cui
278 2354 421 2395 totam
446 2349 622 2396 tremuli
641 2346 836 2395 frontem
862 2345 1075 2396 Caesonia
1096 2347 1205 2409 pulli

162 2409 349 2458 Infudit.
390 2412 511 2467 Quae
527 2427 617 2458 non
637 2411 785 2465 faciet,
810 2412 932 2474 quod
954 2410 1174 2473 Principis
1197 2411 1347 2456 uxor?

164 2475 397 2523 Ardebant
421 2485 595 2530 cuncta,
619 2484 666 2522 et
685 2475 828 2524 fracta
847 2491 1067 2538 compage
1089 2477 1289 2528 ruebant,

163 2539 275 2587 Non
295 2541 438 2596 aliter,
463 2556 596 2602 quam
613 2542 649 2587 si
665 2541 844 2590 fecisset
858 2539 985 2590 Juno
1008 2540 1217 2586 maritum

165 2603 397 2652 Insanum.
457 2605 618 2652 Minus
635 2620 744 2666 ergo
767 2619 937 2652 nocens
950 2605 1035 2652 erit
1051 2601 1317 2665 Agrippinae
1412 2607 1513 2650 620

161 2668 381 2720 Boletum
419 2669 634 2731 siquidem
656 2670 790 2716 unius
809 2669 1057 2730 praecordia
1076 2667 1235 2729 pressit

157 2731 244 2782 me
263 2735 397 2790 senis,
422 2734 750 2796 tremulumque
770 2741 905 2798 caput
926 2732 1195 2782 descendere
1202 2730 1342 2793 jussit
