1859 2925
542 173 578 225 J
581 173 930 224 UVENALls
964 176 1074 224 Su.
1101 174 1193 222 VI.
1461 178 1519 221 st

199 304 331 352 sicut
345 304 392 351 in
409 306 640 367 amplexu:
674 306 882 360 subitum,
900 313 949 353 et
962 304 1219 358 miserabile,
1237 304 1423 365 longum
1453 305 1519 351 6⁵

197 369 410 416 Attendit
429 368 650 431 Tthele
660 387 677 428 3
711 369 933 431 Thymele
952 377 1059 416 tunc
1080 369 1243 417 rustica
1262 368 1405 415 discit.

195 432 290 479 Ast
310 434 422 485 aliae.
446 435 620 493 quoties
639 436 780 480 aulaes
799 435 1025 481 recondita
1042 441 1230 486 cessant,

195 496 265 542 Et
288 512 428 543 vacuo
447 498 684 558 clausoque
705 506 863 545 sonant
882 498 979 546 fora
1000 498 1093 544 sola
1112 500 1300 551 theatro,

196 561 352 620 Atque
373 576 400 607 a
418 562 596 623 plebeiis
616 563 752 624 longe
773 561 1035 624 Megalesia,
1060 562 1207 607 tristes

194 622 454 679 Personam,
480 626 768 687 thyrsumque
787 634 954 679 tenent,
980 634 1025 672 et
1046 626 1239 689 subligar
1258 622 1389 671 Acci·
1452 624 1519 670 70

197 686 394 735 Urbicus
416 690 575 736 exodio
596 690 732 737 risum
753 696 905 736 movet
928 690 1149 736 Atellsnae
1492 698 1497 703 '

196 751 410 799 Gestibus
430 754 691 801 Antoniiesz
729 755 846 799 hunc
867 753 1012 815 diligit
1031 754 1157 800 AElia
1174 768 1352 815 pauper.

193 815 393 863 Solvitur
415 817 482 863 his
503 832 667 879 magno
689 817 878 864 comoedi
898 817 1056 864 fibula:
1096 826 1214 870 sunt,
1239 832 1341 877 quae

192 876 543 943 Chrysogonum
566 890 743 928 cantare
763 889 928 928 vetent.
1002 880 1212 943 Hispulla
1233 880 1435 943 tregoedo

191 943 390 991 Gaudet.
450 947 526 992 An
547 954 790 1007 exspectas,
814 953 865 991 ut
886 944 1189 999 Quintilianus
1210 944 1415 991 ametur?
1447 946 1512 992 75

192 1006 377 1069 Accipis
399 1024 596 1063 uxorem,
622 1010 678 1056 de
697 1008 784 1070 qua
811 1010 1077 1056 citharoedus
1098 1008 1290 1062 Echion,

191 1070 294 1117 Aut
316 1073 572 1134 Glaphyrus
591 1072 666 1120 fiat
687 1082 824 1135 pater,
851 1073 1200 1133 Ambrosiusque
1220 1071 1463 1119 choraules.
1488 1076 1497 1085 ⁸

189 1134 357 1197 Longa
377 1152 456 1197 per
474 1145 690 1199 angustos
709 1136 900 1199 figamus
920 1137 1089 1198 pulpita
1108 1138 1262 1184 vicos:

189 1198 424 1246 ornentur
443 1208 606 1262 postes,
631 1208 677 1247 et
696 1202 852 1263 grandi
865 1202 1005 1263 janua
1024 1201 1163 1255 lauro,

193 1262 266 1310 Ut
282 1264 530 1311 testudineo
551 1266 641 1317 tibi,
666 1264 873 1318 Lentule,
897 1280 1097 1326 conopeo
1446 1268 1513 1311 80

188 1326 371 1375 Nobilis
391 1328 637 1390 Euryalum
660 1329 970 1375 mirmillonem
992 1329 1208 1389 exprimat
1230 1328 1391 1375 infans.

254 1391 413 1453 Nupta
433 1394 623 1439 senatori
645 1394 854 1439 comitata
873 1400 942 1439 est
964 1392 1133 1454 Hippia.
1151 1393 1319 1439 ludium

191 1456 270 1503 Ad
293 1456 487 1512 Phia-on,
512 1464 558 1504 et
576 1456 750 1510 Nilum,
775 1456 1030 1518 famosaque
1044 1457 1209 1504 moenia
1230 1455 1382 1520 Lag13

191 1520 406 1583 Prodigia
425 1529 472 1568 et
491 1537 638 1567 mores
661 1521 798 1568 Urbis
819 1522 1055 1569 damnante
1077 1520 1279 1582 Canopo.

189 1583 436 1632 Immemor
456 1586 530 1632 illa
550 1585 722 1638 domus,
747 1593 793 1632 et
813 1587 1029 1648 conjugis,
1054 1591 1185 1646 atque
1205 1585 1383 1639 sororis,
1444 1589 1510 1634 85

187 1648 270 1695 Nil
291 1649 444 1711 patriae
465 1649 677 1706 indulsit3
710 1649 1017 1710 plorantesque
1036 1651 1234 1711 improba
1253 1657 1395 1704 natos,

187 1712 346 1775 thue
365 1714 510 1776 magis
531 1721 720 1774 stupeas,
744 1714 872 1760 ludos
895 1713 1199 1774 Paridemque,
1224 1713 1410 1773 reliquit.

189 1777 280 1824 Sed
299 1793 568 1838 quamquam
590 1778 636 1822 in
658 1778 834 1839 magnis
855 1779 1022 1838 opibus,
1046 1776 1281 1839 plumaque
1298 1776 1497 1838 paterna,

188 1840 254 1888 Et
276 1842 567 1903 segmentatis
587 1841 822 1887 dormisset
842 1841 1025 1903 parvula
1046 1841 1185 1894 cunis,

189 1903 446 1952 Contemsit
463 1906 677 1966 pelagusx
715 1905 877 1952 famam
900 1911 1197 1951 contemserat
1215 1904 1335 1958 olim,
1442 1909 1509 1953 90

188 1967 332 2032 Cujus
353 1969 469 2031 apud
489 1969 646 2014 molles
665 1969 848 2015 minima
867 1975 936 2014 est
947 1969 1123 2029 Jactura
1144 1969 1383 2018 cathedras.

183 2033 446 2094 Tyrrhenos
467 2033 605 2094 igitur
625 2031 800 2085 fluctus,
823 2033 998 2092 lateque
1014 2041 1245 2078 sonantem

185 2097 380 2145 Pertulit
402 2096 580 2144 Ionium
603 2097 822 2143 constanti
840 2104 1032 2158 pectore,
1056 2097 1259 2156 quamvis

181 2162 458 2212 Mutandum
481 2161 614 2206 toties
633 2168 751 2206 esset
771 2175 905 2207 mare.
963 2159 996 2207 J
998 2167 1097 2206 usta
1114 2160 1264 2221 pericli
1494 2207 1497 2212 ,

186 2228 234 2275 Si
251 2227 366 2274 ratio
381 2232 451 2272 est
466 2233 512 2272 et
526 2225 736 2280 honesta;
763 2225 935 2276 timent,
959 2223 1203 2284 pavidoque
1218 2225 1425 2286 gelantur
1446 2227 1509 2274 95

185 2291 391 2343 Pectore,
417 2303 500 2335 nec
520 2289 720 2334 tremulis
739 2294 925 2349 possunt
944 2287 1147 2334 insistere
1165 2289 1352 2349 plantis:
1496 2291 1499 2296 '

183 2355 368 2404 Fortem
390 2353 586 2400 animum
607 2359 821 2414 praestant
835 2353 978 2404 rebus,
1002 2365 1111 2411 quas
1125 2352 1312 2412 turpiter
1326 2351 1505 2397 audent.

185 2421 233 2468 Si
245 2421 403 2482 jubeat
423 2417 603 2480 conjux,
627 2416 784 2462 durum
806 2421 875 2462 est
894 2415 1191 2461 conscendere
1211 2414 1388 2469 πενίαις
1516 2415 1521 2418 “

183 2483 314 2531 Tunc
337 2481 513 2528 sentina
532 2479 696 2544 gravis,
719 2486 826 2541 tunc
849 2493 1050 2525 summus
1070 2478 1256 2524 vertitur
1276 2477 1363 2520 iict-

185 2547 304 2603 Quae
324 2542 554 2609 moechutn
575 2543 784 2604 sequitur,
811 2542 1045 2602 stomacho
1068 2541 1203 2587 valet.
1262 2537 1347 2584 ma
1376 2539 1511 2650 mrim-'6

379 2616 477 2655 tuln

189 2674 461 2726 convomitz
495 2673 595 2721 haee
615 2671 732 2719 inter
749 2675 906 2718 nautas
925 2675 974 2716 et
993 2665 1189 2730 prandet,
1213 2671 1259 2710 et
1278 2671 1395 2710 emt
