1859 2925
255 168 329 215 24
599 160 991 215 JUVENALIS
1020 162 1136 211 Su.
1160 162 1224 210 V.

747 353 999 405 SATIRA
1030 353 1093 401 V.

264 486 319 535 St
339 493 386 531 te
405 484 617 547 propositi
638 485 835 531 nondum
856 485 1009 546 pudet,
1031 490 1163 544 atque
1182 484 1335 531 eadem
1354 492 1426 533 est
1439 500 1583 541 mens,

268 552 339 599 Ut
357 551 475 597 bona
495 564 668 598 summa
687 556 828 610 putes,
851 547 995 597 aliena
1015 550 1166 595 vivere
1186 548 1351 609 quadra
1362 566 1379 607 ;

267 617 317 664 Si
338 622 466 677 potes
485 614 560 661 illa
579 615 682 675 pati.
707 628 807 673 quae
829 628 911 659 nec
934 614 1193 659 Sarmentus
1214 614 1384 673 iniquas

269 680 462 729 Caesaris
483 678 539 725 ad
559 693 748 731 mensas,
771 692 854 723 uec
875 678 978 724 vilis
1000 677 1144 725 Galba
1164 678 1364 735 tulisset;

271 745 493 799 Quamvis
504 744 670 803 jurato,
693 749 888 788 metuam
910 742 989 788 tibi
1010 741 1188 788 credere
1207 742 1324 788 testi.
1556 744 1595 793 δ

270 808 446 855 Ventre
465 807 575 853 nihil
595 807 700 852 novi
719 806 949 867 sung-alius.
1020 805 1127 852 Hoc
1148 813 1297 853 tamen
1318 806 1464 869 ipsum

270 872 507 922 Desecisse
526 879 646 933 puta,
669 871 788 931 quod
809 869 928 916 inani
950 870 1111 916 suflicit
1130 870 1256 917 alvoz

272 938 415 986 Nulla
435 936 609 997 crepido
629 934 790 981 vacat?
823 948 1040 994 nusquam
1061 950 1189 996 pons,
1214 942 1260 981 et
1280 936 1443 997 tegetis
1460 952 1567 998 pars

274 1000 476 1051 Dimidia
495 997 704 1048 brevior?
736 997 930 1045 Tantine
951 998 1108 1061 injuria
1126 998 1307 1045 coenae?

271 1066 388 1115 Tam
401 1068 556 1128 jejuna
573 1063 746 1110 fames?
779 1078 881 1109 cum
905 1059 1004 1124 [pol
1020 1063 1075 1108 sit
1122 1064 1351 1111 honestius
1370 1063 1461 1111 illie
1530 1068 1599 1113 10

274 1132 342 1180 Et
362 1138 563 1181 tremere„
587 1136 634 1174 et
655 1127 806 1173 sordes
825 1126 955 1173 fanis
975 1142 1050 1173 mo
1128 1143 1177 1174 re
1196 1128 1353 1174 canini.

340 1193 496 1241 Primo
515 1193 606 1255 fige
625 1192 740 1244 loco,
763 1191 882 1251 quod
903 1198 967 1243 tu,
992 1191 1264 1238 discumbere
1274 1194 1444 1255 jussus,

275 1258 538 1308 Mercedem
561 1256 744 1303 solidam
765 1264 966 1301 veterum
989 1256 1109 1316 capis
1128 1256 1389 1303 officiorum.

277 1324 472 1373 Fructus
493 1321 698 1369 amicitiae
719 1335 896 1382 magnae
917 1320 1067 1365 cibus:
1105 1320 1291 1381 imputat
1313 1323 1432 1368 hunc
1454 1337 1549 1376 rex,

269 1389 360 1444 Et,
405 1386 604 1448 quamvis
647 1399 808 1438 rarum,
855 1392 1003 1431 tamen
1046 1384 1249 1445 imputat.
1316 1386 1448 1449 Ergo
1492 1388 1607 1434 duos

534 1458 576 1498 st
1541 1452 1604 1500 15

279 1519 329 1568 si
349 1468 672 1564 libuitpssenses
692 1515 947 1577 neglectum
967 1515 1170 1562 adhibere
1188 1516 1408 1571 clientem,

277 1583 434 1630 Tertia
455 1595 512 1627 ne
532 1596 674 1628 vacuo
695 1588 885 1626 cessaret
907 1580 1065 1626 culcita
1086 1579 1231 1638 lecto;

283 1645 393 1694 Una
413 1646 564 1698 simus,
589 1645 664 1691 ait.
737 1643 961 1690 Votorum
984 1644 1182 1692 summa!
1220 1643 1343 1698 Quid
1364 1645 1481 1693 ultra

269 1709 494 1766 Quietis?
531 1707 685 1756 Habet
703 1708 906 1763 Trebius,
929 1716 1109 1771 propter
1128 1709 1247 1770 quod
1264 1724 1470 1772 rumpere
1486 1726 1611 1758 som.

479 1789 586 1822 num

283 1839 476 1892 Debent,
501 1847 546 1886 et
565 1840 725 1902 ligulas
745 1838 979 1890 dimittere,
1004 1838 1230 1891 sollicitus,
1255 1853 1313 1885 ne
1540 1844 1613 1888 20

279 1905 402 1952 Tota
424 1903 652 1950 salutatrix
663 1905 760 1966 jam
782 1903 909 1950 turba
927 1903 1149 1964 peregerit
1169 1904 1320 1949 orbem

287 1969 510 2016 Sideribus
531 1968 684 2022 dubiis,
709 1976 786 2015 aut
805 1967 882 2014 illo
903 1975 1115 2028 tempore,
1140 1982 1229 2027 quo
1252 1983 1301 2014 se

284 2032 470 2095 Frigida
489 2033 797 2095 circumagunt
816 2033 935 2093 pigri
956 2047 1129 2078 sarraca
1148 2030 1327 2078 Bootae·

288 2097 448 2152 Qualis
469 2111 599 2144 coena
620 2106 767 2144 tamen
782 2097 805 2142 ἐ’
838 2095 1025 2149 Vinum,
1050 2095 1169 2156 quod
1191 2096 1367 2143 succida
1387 2097 1501 2144 nolit

287 2161 416 2208 Lana
435 2161 554 2222 patiz
592 2161 647 2208 de
668 2158 858 2208 conviva
879 2159 1139 2220 Corybanta
1158 2161 1339 2208 videbis.
1546 2166 1617 2210 25

286 2225 322 2276 J
323 2225 447 2288 urgia
467 2226 733 2286 proludunt;
769 2226 847 2272 sed
868 2239 977 2270 mox
997 2233 1043 2271 et
1063 2225 1222 2286 pocula
1242 2233 1422 2286 torques

289 2290 490 2343 Saucius,
513 2297 560 2336 et
582 2289 710 2337 rubra
731 2292 936 2351 deterges
957 2290 1141 2336 vulnera
1160 2288 1333 2350 mappa,

291 2353 418 2400 Inter
436 2369 520 2400 vos
539 2355 713 2413 quoties
733 2355 1077 2414 libertorumque
1097 2355 1327 2400 cohortem

289 2417 454 2478 Pugna
477 2417 726 2480 Saguntini
744 2418 889 2465 fervet
909 2419 1149 2464 commissa
1164 2414 1339 2480 lagena.

291 2480 398 2544 Ipse
419 2481 621 2543 capillato
643 2483 850 2529 diffiisum
871 2481 1055 2528 consule
1076 2489 1215 2542 potat,
1552 2489 1622 2533 80

292 2545 608 2606 calcatamque
629 2554 752 2594 tenet
771 2543 896 2593 bellis
919 2545 1151 2592 socialibus
1174 2561 1322 2600 uvam,

292 2607 509 2656 cardiaco
531 2625 756 2672 uunquam
779 2611 991 2670 cyathum
1013 2609 1229 2658 missurus
1249 2612 1408 2657 amico.

289 2671 406 2720 cra:
425 2673 546 2721 bibet
566 2675 752 2723 Albanis
774 2673 939 2735 aliquid
960 2672 1016 2719 de
1036 2675 1277 2730 montibus,
1301 2682 1379 2722 aut
1400 2676 1457 2723 de
