1859 2925
590 144 981 239 sumimus
1011 189 1123 239 su.
1150 188 1249 238 1v.-
1514 194 1579 239 π

251 298 470 351 Destinat
489 307 578 355 boe
593 319 842 361 monstrum
863 317 1037 376 cymbae
1055 316 1223 378 linique
1240 316 1453 379 magister
1516 318 1581 364 45

255 363 465 416 Pontifici
482 388 670 421 summo.
743 378 860 432 Quis
879 382 999 427 enirn
1020 396 1269 443 proponere
1284 383 1433 437 talem·

253 430 356 477 Aut
375 448 524 482 emere
542 440 735 494 auderet,
759 458 860 489 cum
882 446 1013 506 plena
1034 454 1080 493 et
1098 446 1228 493 litora
1246 446 1387 493 multo

254 492 476 545 Delatore
494 500 672 549 forent?
710 506 916 569 Dispersi
938 511 1140 573 protinus
1160 512 1277 573 algae

252 556 546 619 Inquisitores
566 579 750 629 agerent
770 588 872 617 cum
895 575 1218 637 remige'nudo,

256 621 368 669 Non
391 627 630 677 dubitaturi·
644 633 883 697 fugitivum
905 638 1051 685 dicere
1070 640 1250 700 piscem,
1514 640 1581 688 50
1614 655 1619 663 ’

254 685 601 754 Depastumque
621 697 695 743 diu
717 700 883 747 vivaria
905 700 1115 755 Caesaris,
1137 704 1241 750 inde

252 749 488 813 Elapsum,
513 767 708 807 veterem
729 764 785 809 ad
805 765 1035 811 dominum
1058 767 1215 813 debere
1234 768 1410 815 reverti.

257 814 310 861 si
332 819 435 876 quid
459 820 671 879 Palfurio,
697 828 734 872 si
756 830 975 875 credimus
998 832 1248 885 Armillato,
1406 868 1411 875 -

256 878 488 943 Quidquid
507 891 792 950 conspicuum
814 894 1135 955 pulchrumque
1154 904 1223 941 est
1244 912 1420 957 aequore
1440 902 1553 949 toto,

252 942 354 990 Res
373 946 469 993 fisci
491 958 571 1005 est,
596 954 858 1016 ubicumque
879 966 1015 1004 natat.
1085 959 1337 1006 Donabitur
1352 976 1477 1023 ergo,
1512 960 1577 1007 55

252 1005 334 1054 Ne
353 1021 520 1071 pereat*
583 1016 618 1064 J
617 1034 688 1064 am
709 1020 882 1067 letifero
903 1024 1089 1069 cedente
1106 1024 1275 1085 pruinis

249 1071 531 1139 Auctumno,
547 1082 642 1141 jam
663 1093 922 1143 quartanam
945 1088 1217 1148 sperantibus
1238 1090 1385 1151 aegris,

253 1135 478 1187 stridebat
497 1142 706 1193 deformis
726 1150 879 1204 hiems,
903 1152 1187 1213 praedamque
1206 1162 1427 1200 recentem

252 1200 496 1254 Servabat:
524 1216 671 1257 tamen
693 1213 764 1259 hie
783 1224 1003 1276 properat,
1027 1218 1150 1263 velut
1170 1226 1327 1279 urgeat
1348 1220 1532 1264 Auster.

255 1263 416 1327 thue
431 1270 554 1319 lacus
576 1276 794 1331 suberant,
816 1280 901 1333 ubi,
917 1296 1183 1342 quamquam
1206 1283 1361 1336 diruta,
1386 1290 1533 1329 servat

247 1326 414 1391 Ignem
433 1333 694 1399 Trojanum,
718 1350 763 1389 et
781 1343 969 1391 Vestam
990 1346 1096 1392 colit
1116 1347 1233 1393 Alba
1254 1347 1485 1401 minorem,
1508 1348 1565 1395 61

250 1394 440 1444 Obstitit
461 1400 641 1450 intranti
662 1407 861 1455 miratrix
881 1411 1009 1456 turha
1027 1426 1285 1474 parumper.·

253 1457 328 1506 Ut
350 1465 494 1520 cessit,
517 1467 634 1515 facili
655 1480 891 1532 patuerunt
911 1476 1088 1522 cardine
1109 1477 1266 1523 valvae.

249 1523 440 1575 Exclusi
463 1541 663 1592 spectant
682 1537 874 1584 admissa
893 1540 1078 1600 opsonia
1099 1539 1273 1587 Patres.

251 1587 356 1637 Itur
376 1593 431 1639 ad
452 1596 670 1646 Attidem.
739 1601 861 1648 Tum
885 1603 1062 1658 Picens,
1086 1605 1270 1668 Accipe,
1294 1605 1421 1660 dixit,
1508 1605 1582 1652 65'

251 1652 448 1704 Privatis
469 1664 636 1724 majora
653 1664 791 1712 socisx
829 1668 1025 1728 genialis·
1036 1675 1194 1730 agatur

245 1716 348 1766 Iste
369 1721 472 1778 dies,
496 1741 684 1788 propera
703 1733 982 1778 stomachum
1002 1733 1153 1780 laxare
1174 1733 1353 1796 saginis,

247 1781 319 1829 Et
340 1791 416 1832 tua
437 1799 658 1839 servatum
681 1809 896 1842 consume
915 1797 961 1842 in
985 1797 1147 1842 saecula
1166 1799 1415 1844 rhombum.

244 1844 355 1907 Ipse
376 1853 470 1912 capi
492 1855 658 1902 voluit:
697 1859 802 1919 quid
823 1862 1015 1922 apertius
1027 1861 1051 1905 ἱ)
1084 1861 1150 1908 Et
1170 1869 1319 1908 tamen
1339 1861 1403 1907 ilii

247 1911 500 1975 surgebant
522 1919 684 1966 cristae.
754 1923 882 1970 Nihil
901 1932 984 1976 est,
1009 1925 1129 1985 quod
1150 1925 1327 1972 credere
1348 1925 1403 1972 de
1425 1941 1475 1972 se
1512 1929 1577 1973 70

244 1973 360 2022 Non
381 1981 534 2039 possit,
559 1999 662 2029 eum
683 1986 884 2033 laudatur
905 1986 999 2034 Dis
1020 2003 1148 2049 aequa
1168 1997 1378 2050 potestas.

245 2039 340 2086 Sed
361 2041 508 2091 deerat
529 2047 639 2108 pisci
660 2050 822 2110 patinae
843 2067 1063 2100 mensura.
1134 2053 1369 2100 Vocantur

247 2103 382 2168 Ergo
403 2109 449 2153 in
471 2112 705 2158 consilium
727 2129 951 2176 proceres,
970 2132 1083 2176 quos
1106 2119 1257 2164 oderat
1278 2119 1353 2164 ille
1364 2136 1381 2176 ς

245 2167 308 2216 In
330 2187 516 2231 quorum
537 2174 650 2222 facie
670 2179 846 2226 miserae
867 2183 1331 2242 magnaequesedebat

247 2231 403 2282 Pallor
422 2240 644 2287 amicitiae.
715 2243 908 2298 Primus,
934 2246 1153 2292 clamante
1174 2247 1387 2299 Liburno,
1510 2247 1579 2294 75

245 2305 284 2328 “
308 2297 501 2357 Currite,
517 2305 616 2366 jam
637 2307 800 2362 sedit,”
823 2307 947 2370 raptz‘i
966 2313 1224 2371 properabat
1243 2309 1385 2357 abolla

246 2361 468 2426 Pegasus,
493 2369 695 2418 attonitae
716 2371 886 2432 posit&
907 2373 1041 2420 modo
1066 2375 1237 2420 villicus
1262 2373 1387 2420 Urbi.

244 2427 386 2476 Anne
405 2431 526 2478 aliud
546 2440 654 2480 tunc
673 2435 869 2496 praefecti
883 2437 905 2482 ἲ
938 2453 1125 2498 quorum
1150 2438 1355 2497 optimus,
1378 2443 1514 2496 atque

245 2491 476 2556 Interpres
497 2497 648 2559 legum
673 2501 989 2554 sanctissimus,
1014 2502 1163 2547 omnia
1182 2513 1445 2560 quamquam

243 2557 546 2622 Temporibus
567 2562 673 2609 diris
693 2565 922 2612 tractanda
941 2566 1122 2626 putabat
1142 2563 1299 2608 inermi
1510 2565 1577 2606 80

249 2623 287 2672 J
289 2625 448 2675 ustitia.
487 2626 631 2675 Venit
651 2635 697 2675 et
719 2626 867 2692 Crispi
877 2629 1080 2692 Jucunda
1102 2633 1319 2679 senectus,
