1859 2925
324 136 394 183 84
646 133 1040 193 JUVENALis
1075 136 1191 185 Su.
1217 130 1352 189 ΧΠ...

298 260 460 317 *Quos
480 269 639 311 natura
658 263 807 313 dedita
844 262 1102 313 aedtrunefi
1122 260 1514 327 puppemagistu·

325 324 550 375 Interiora
568 329 682 390 petit
702 328 888 376 Baianae
908 329 1064 391 pervia
1081 330 1258 390 cymba
1615 324 1688 369 80

324 390 439 438 Tuti
460 400 620 454 stag-na
641 394 779 440 sinus.
840 394 1056 441 Gaudent
1075 394 1134 441 ibi
1155 392 1326 440 vertice
1344 400 1448 439 mo

327 456 524 503 Garrula
544 459 687 504 securi
709 473 888 517 narrare
908 458 1104 520 pericula
1122 463 1288 503 nautae.

326 516 402 569 Ite
422 521 573 583 igitur,
598 523 739 583 pueri,
761 522 929 585 linguis
949 524 1198 583 animisque
1216 522 1438 574 faventes,

328 586 546 645 Sertaque
565 587 770 641 delubria,
791 595 841 634 et
860 587 980 634 farra
997 588 1214 649 imponite
1233 586 1404 637 cultris,

326 651 403 698 Ac
424 650 581 697 molles
602 659 759 699 ornate
776 651 917 706 focos,
941 652 1210 714 glebamque
1229 650 1450 698 virentem
1466 666 1483 695 ε
1617 648 1686 695 85

326 714 435 763 Jam
458 730 645 775 sequar3
671 724 733 769 et,
756 732 884 763 sacro
908 716 1050 779 (quod
1071 712 1280 778 praemt)
1303 715 1388 761 rite
1407 719 1617 775 peracto,

329 778 445 826 Inde
466 780 649 827 domum
672 788 883 843 repetam,
906 780 1098 843 graciles
1117 781 1190 826 ubi
1211 794 1351 841 parva
1369 792 1567 825 coronas

328 844 575 905 Accipiunt
594 844 741 907 fragili
762 846 1000 892 simulacra
1017 845 1206 891 nitentia
1225 840 1343 891 cerii.

330 908 428 955 Hic
450 918 653 955 nostrum
674 910 855 971 placabo
876 908 911 958 J
910 926 1057 963 ov,
1083 908 1361 969 Laribusque
1380 906 1586 969 paternis

329 972 489 1021 Thura
509 974 634 1028 dabo,
659 982 792 1036 atque
813 989 972 1022 omnes
991 974 1125 1021 violae
1138 973 1318 1035 jactabo
1339 972 1532 1019 colorea-
1619 974 1688 1019 90

333 1036 514 1087 Cuncta
534 1039 680 1086 nitent
689 1038 717 1086 :⁸
741 1039 907 1101 longos
926 1040 1071 1086 erexit
1084 1040 1222 1100 janua
1242 1052 1406 1091 ramos,

332 1101 402 1151 Et
421 1104 651 1151 mantinis
672 1100 915 1168 [operitur]
937 1104 1054 1151 festa
1070 1103 1280 1151 lucernis.
1547 1151 1554 1157 ,

396 1166 501 1215 Nec
522 1176 728 1231 suspecta
747 1169 825 1215 tibi
848 1170 938 1215 sint
960 1169 1071 1222 haec,
1098 1167 1312 1216 Corvine.
1369 1160 1600 1221 Catullus,

334 1230 429 1279 Pro
450 1235 578 1295 cujus
601 1233 743 1283 reditu
765 1241 835 1280 tot
852 1248 975 1296 pono
996 1232 1164 1285 altaria,
1187 1248 1352 1293 parvos

333 1296 451 1344 Trea
466 1298 597 1344 habet
611 1298 825 1344 baeredes.
863 1296 998 1345 Libet
1014 1304 1284 1359 exspectare,
1304 1296 1406 1357 quis
1423 1304 1598 1358 egram
1617 1296 1682 1345 95

332 1360 403 1411 Et
422 1362 699 1408 claudentem
722 1362 875 1409 oculos
896 1362 1110 1423 gallinam
1131 1362 1358 1423 impendat
1379 1362 1527 1407 amico

334 1426 453 1476 Tam
475 1427 627 1475 sterili.
665 1426 839 1474 Verum
860 1427 961 1474 haec
977 1427 1114 1474 nimia
1129 1433 1198 1473 est
1213 1427 1435 1489 impensa:
1468 1425 1682 1477 coturnix

333 1491 477 1540 Nulla
496 1508 691 1553 unquam
712 1508 794 1554 pro
814 1501 941 1555 patre
961 1493 1102 1539 cadet.
1155 1492 1332 1540 Sentire
1353 1491 1552 1538 calorem

336 1558 388 1604 Si
410 1559 545 1618 coepit
566 1557 764 1618 locuples
788 1557 970 1611 Gallim,
994 1566 1042 1604 et
1063 1555 1266 1611 Paccius,
1291 1556 1401 1610 orbi,

334 1621 566 1684 Legitime
584 1621 687 1668 fixis
706 1623 895 1669 vestitur
916 1627 1012 1668 tota
1031 1621 1204 1668 tabellis
1588 1623 1683 1668 100

335 1686 573 1734 Porticus:
611 1687 847 1741 exsistunt,
872 1687 948 1748 qui
969 1687 1233 1748 promittant
1251 1685 1548 1732 hecatomben
1561 1701 1584 1744 ς

336 1749 576 1806 Quatenus
596 1751 669 1798 bic
690 1767 782 1798 non
805 1759 923 1804 aunt,
948 1767 1034 1798 nec
1053 1751 1234 1798 venales
1255 1750 1494 1812 elephanti,

335 1816 441 1864 Nec
464 1815 613 1870 Latio,
636 1823 715 1864 aut
734 1831 920 1877 usquam
943 1823 1100 1863 nostro
1122 1817 1204 1862 sub
1225 1815 1368 1862 sidere
1388 1814 1490 1862 talia

334 1881 499 1930 Bellua
518 1881 794 1942 concipitur3
828 1881 919 1934 sed,
943 1879 1076 1927 furva
1095 1887 1233 1942 gente
1253 1880 1404 1942 petita,

334 1946 585 1995 Arboribus
604 1945 791 1994 Rutulis
811 1954 859 1992 et
879 1944 1026 1992 Turni
1046 1946 1242 2006 pascitur
1263 1960 1389 2006 agro,
1589 1946 1686 1994 105

339 2011 535 2061 Caesaria
557 2018 822 2064 armentum,
848 2010 959 2056 nulli
981 2010 1148 2057 servire
1168 2015 1372 2072 paratum

338 2076 552 2124 Privato:
592 2075 806 2136 siquidem
827 2074 973 2135 Tyrio
994 2090 1150 2136 parere
1171 2074 1372 2121 solebant

338 2139 599 2192 Hannibali,
624 2147 671 2186 et
692 2140 857 2186 nostris
877 2139 1078 2192 ducibus,
1103 2139 1288 2200 regique
1311 2137 1537 2194 Molosso,

338 2205 525 2254 Horum
546 2205 752 2266 majores,
776 2219 829 2250 ac
850 2204 985 2251 dorso
1005 2203 1124 2251 ferre
1144 2205 1366 2257 cohortes,

338 2270 523 2318 Partem
540 2268 732 2329 aliquam
746 2268 862 2322 belli,
882 2275 929 2314 et
946 2275 1128 2314 euntem
1144 2269 1192 2314 in
1208 2267 1366 2329 proelia
1381 2265 1558 2312 turrim.
1591 2270 1683 2314 110

334 2333 480 2382 Nulla
498 2332 637 2394 igitur
658 2347 784 2379 mora
802 2347 884 2394 per
904 2331 1124 2387 Novium,
1157 2347 1285 2380 mora
1311 2332 1437 2379 nulla
1464 2347 1546 2394 per
1569 2331 1686 2380 Hia-

532 2405 651 2443 trum

337 2461 603 2515 Pacuvium,
626 2462 733 2521 quin
754 2462 863 2508 illud
882 2462 992 2506 ebur
1013 2461 1202 2508 ducatur
1221 2461 1279 2508 ad
1299 2476 1413 2515 aras,

337 2525 405 2572 Et
426 2525 566 2572 cadat*
574 2534 677 2572 ante
697 2527 813 2572 lares
836 2525 1034 2579 Gallitae,
1060 2526 1244 2573 victima
1265 2526 1361 2572 sola

335 2587 499 2635 Tantis
520 2589 657 2650 digna
677 2589 808 2642 Deis,
832 2595 879 2634 et
899 2590 1198 2649 captatoribus
1219 2591 1398 2638 horum.

298 2680 309 2692 ·
336 2652 471 2701 Alter
490 2653 626 2709 enim,
651 2654 689 2701 si
710 2652 929 2701 concedas
950 2659 1161 2713 mactare,
1186 2654 1368 2703 vovebit
1595 2657 1684 2706 11⁵
