1859 2925
343 162 412 209 40
665 161 700 210 J
703 156 900 209 UVEN
903 158 1059 210 ALIS
1104 161 1216 209 Su.
1244 156 1365 209 Vn.

343 290 445 338 Aut
459 289 603 344 clude,
627 297 674 338 et
693 291 864 353 positos
881 287 1002 338 tined
1016 290 1235 353 pertunde
1248 290 1435 337 libellos·
1630 294 1709 338 26

347 354 530 417 Frange
549 356 686 403 miser
705 356 912 409 calamos,
938 356 1209 418 vigilataque
1222 356 1379 417 proelia
1399 354 1515 411 dele,

351 418 444 473 Qui
464 419 574 467 facis
594 420 641 466 in
657 419 794 482 parva
814 419 1018 467 sublimia
1037 420 1235 467 carmina
1254 418 1379 474 cellfi,

352 484 422 531 Ut
443 484 608 547 dignus
627 486 782 531 venias
803 485 991 538 hederis,
1016 492 1063 531 et
1077 485 1275 546 imagine
1295 481 1459 531 macrii.

353 550 466 611 Spes
489 550 610 595 nulla
631 550 839 596 ulterior:
879 549 1031 596 didicit
1046 550 1141 611 jam
1159 550 1287 596 dives
1308 562 1471 595 avarus
1632 552 1706 595 80

351 614 552 661 Tantum
569 614 787 667 admirari,
813 621 987 661 tantum
1010 614 1189 661 laudare
1208 614 1411 668 disertos,

355 677 424 725 Ut
439 679 564 740 pueri
585 678 781 727 J‘unonis
801 694 947 725 avem.
1008 678 1099 725 Sed
1120 676 1275 725 defluit
1296 686 1409 725 aetas

351 742 418 790 Et
439 743 584 805 pelagi
601 744 788 804 patiens,
806 750 853 789 et
869 743 1063 797 cassidis,
1090 751 1225 803 atque
1243 742 1423 805 ligonis.
1492 782 1511 797 N

352 806 514 854 Taedia
533 815 644 854 tune
665 808 853 854 subeunt
873 808 1077 866 animos;
1112 815 1219 854 tunc
1243 822 1392 868 seque,
1418 822 1641 869 suamque

351 870 695 933 Terpsichoren,
719 872 814 919 odit
832 870 1025 919 facunda
1044 880 1091 918 et
1111 872 1230 919 nuda
1252 879 1476 918 senectus.
1500 902 1508 909 -
1636 872 1706 918 85

417 937 590 997 Accipe
611 951 730 983 nunc
752 944 883 989 artes,
910 952 969 983 ne
989 937 1097 999 quid
1112 937 1189 983 tibi
1212 936 1413 983 conferat
1432 937 1536 989 iste,

355 1000 508 1054 Quem
529 1000 652 1054 colis,
673 1008 720 1047 et
741 1000 980 1048 Musarum
1004 1010 1051 1047 et
1069 1000 1291 1063 Apollinis
1314 1001 1411 1048 sede
1433 1000 1608 1049 relicti.
1623 1006 1633 1020 ⁶
1720 1052 1733 1055 ,

356 1064 382 1112 1
481 1064 587 1111 facit
607 1080 778 1118 versus,
799 1072 935 1126 atque
956 1067 1032 1112 uni
1054 1066 1170 1112 cedit
1192 1065 1401 1111 Homero

399 1136 547 1192 ropter
562 1130 686 1177 mille
705 1144 846 1177 annos
864 1148 880 1187 3
913 1137 975 1184 et,
996 1131 1032 1177 si
1054 1130 1285 1177 dulcedine
1306 1130 1439 1177 famae

354 1194 608 1243 succensus
623 1195 796 1249 recites,
822 1194 1095 1241 Maculonus
1118 1195 1372 1241 commodat
1394 1195 1533 1242 aedes.
1642 1198 1712 1241 40

351 1254 478 1306 Haec
493 1258 632 1321 longe
649 1258 812 1306 ferrata
832 1259 991 1307 domus
1013 1260 1180 1306 servire
1190 1258 1386 1322 jubetur,

353 1322 414 1370 In
434 1320 523 1384 qud
539 1324 748 1370 sollicitas
769 1324 969 1369 imitatur
983 1326 995 1338 ⁶
1056 1338 1113 1371 ua
1126 1331 1291 1386 portas.

355 1388 453 1435 Scit
469 1388 574 1434 dare
593 1388 775 1435 libertos
792 1396 963 1435 extrem
1008 1389 1055 1434 in
1074 1396 1201 1451 parte
1222 1388 1427 1434 sedentes

354 1452 552 1506 Ordinis,
575 1458 622 1500 et
642 1467 830 1516 magnas
849 1454 1063 1500 comitum
1085 1454 1318 1516 disponere
1336 1467 1489 1500 voces.

356 1517 510 1566 Nemo
529 1517 651 1565 dabit
671 1533 843 1581 regum,
868 1519 1023 1580 quanti
1044 1519 1247 1565 subsellia
1268 1525 1491 1572 constent,
1644 1519 1711 1566 45

357 1581 426 1630 Et
446 1597 548 1644 quae
569 1583 791 1630 conducto
812 1583 1010 1644 pendent
1028 1585 1266 1630 anabathra
1278 1583 1439 1644 tigillo,

361 1645 570 1708 Quaeque
581 1647 858 1709 reportandis
879 1649 1026 1709 posita
1040 1655 1111 1695 est
1132 1649 1359 1694 orchestra
1380 1647 1621 1695 cathedris.

355 1711 462 1759 Nos
483 1718 634 1758 tamen
650 1714 738 1758 hoc
759 1713 950 1774 agimus,
974 1713 1186 1774 tenuique
1202 1713 1249 1758 in
1265 1712 1451 1774 pulvere
1472 1713 1629 1760 sulcos

357 1774 601 1829 Ducimus‚
627 1783 674 1822 et
693 1777 800 1823 litus
821 1777 958 1824 sterili
979 1792 1209 1824 versamus
1230 1783 1391 1823 aratro.

357 1840 482 1888 Nam
503 1842 539 1887 si
555 1841 767 1896 discedas,
786 1837 945 1903 laqueo
962 1849 1085 1888 tenet
1099 1841 1318 1888 ambitiosi
1644 1843 1715 1890 50

356 1903 654 1953 Consuetudo
674 1907 780 1952 mali
793 1923 808 1953 x
845 1913 971 1952 tenet
990 1907 1232 1952 insanabile
1246 1905 1413 1952 multos

357 1971 587 2017 Scribendi
610 1971 857 2024 cacoethes,
875 1978 922 2017 et
943 1986 1068 2034 aegro
1082 1971 1130 2016 in
1146 1971 1281 2018 corde
1302 1971 1509 2016 senescit.

359 2034 451 2082 Sed
471 2041 618 2080 vatem
636 2035 884 2098 egregium,
909 2037 982 2082 cui
1004 2049 1094 2081 non
1118 2035 1176 2082 sit
1194 2035 1369 2097 publica
1387 2049 1519 2089 vena,

361 2097 456 2152 Qui
479 2099 590 2144 nihil
609 2101 862 2161 expositum
880 2101 1021 2146 soleat
1042 2100 1273 2153 deducere,
1297 2113 1381 2145 nec
1402 2099 1481 2160 qui

361 2161 606 2211 Communi
621 2162 750 2210 feriat
771 2179 951 2211 carmen
967 2165 1141 2211 triviale
1159 2162 1354 2217 moneta,
1642 2165 1705 2213 55

358 2226 518 2280 Hunc,
543 2229 718 2287 qualem
736 2243 910 2289 nequeo
932 2237 1195 2283 monstrare,
1220 2237 1267 2276 et
1284 2228 1428 2274 sentio
1446 2235 1641 2293 tantum,

358 2290 607 2338 Anxietate
625 2307 782 2338 carens
798 2293 975 2339 animus
994 2293 1115 2346 facit,
1135 2293 1281 2340 omnis
1304 2293 1447 2339 acerbi

362 2352 625 2416 Impatiens,
648 2356 833 2418 cupidus
855 2358 1080 2410 silvarum,
1106 2366 1321 2419 aptusque
1333 2357 1536 2402 bibendis

361 2417 582 2464 Fontibus
596 2420 850 2467 Aonidum:
889 2435 1035 2481 neque
1051 2423 1169 2466 enim
1192 2427 1370 2468 cantare
1393 2423 1475 2467 sub
1496 2429 1629 2468 antro

361 2481 809 2545 Pierio,¹thyrsumve
828 2491 978 2545 potest
994 2485 1257 2548 contingere
1278 2499 1385 2531 sana
1645 2491 1707 2533 60

363 2544 623 2606 Paupertas,
646 2555 781 2608 atque
795 2549 897 2594 aerIs
917 2549 1062 2609 inops,
1086 2564 1178 2609 quo
1194 2557 1328 2596 nocte
1347 2549 1509 2609 dieque

364 2605 546 2670 Corpus
563 2619 692 2676 eget:
719 2618 842 2661 ntur
861 2618 946 2666 est,
964 2626 1073 2659 -curn
1096 2613 1205 2661 dicit
1218 2611 1441 2661 Horatius
1459 2621 1492 2644 ‘⁸
1511 2613 1634 2663 Euoe
1646 2611 1695 2664 !'’
