1859 2925
490 160 526 212 J
530 160 885 211 UVENALIS
918 160 1034 210 Sn-
1061 160 1208 209 xlv.
1455 166 1522 211 9³

174 290 311 347 Quid
330 290 488 340 suadet
496 288 657 355 juveni
677 291 809 339 laetus
830 288 1020 337 stridore
1039 295 1227 342 catenae,

184 356 339 411 Quem
360 358 473 403 mire
493 357 692 403 afficiunt
712 356 923 417 inscripta
943 353 1181 417 ergastula,
1205 366 1357 399 carcer

181 421 405 469 Rusticus
421 422 445 467 ἰ’
490 421 755 483 Exspectas,
780 427 832 467 ut
852 434 946 465 non
969 420 1026 465 sit
1042 418 1240 465 adultera
1257 416 1425 480 Largae
1457 416 1522 463 25

181 484 319 540 Fssia,
340 502 445 547 quae
466 500 695 547 nunquam
716 492 944 531 maternos
965 484 1110 530 dicere
1131 482 1335 529 moechos

180 549 307 596 Tam
328 551 431 604 cito,
457 566 541 597 nec
563 557 687 597 tanto
707 550 872 613 poterit
887 556 1130 595 contexere
1151 562 1299 601 cursu,

186 613 263 662 Ut
288 630 379 661 non
400 622 471 662 ter
490 616 637 661 decies
658 614 877 676 respiret?
934 612 1131 661 Conscia
1151 611 1283 657 matri

184 678 339 741 Virgo
357 678 471 727 fuit:
509 694 633 726 ceras
655 694 790 731 nunc,
814 680 899 725 hac
920 678 1130 730 dictante,
1149 676 1331 738 pusillas

184 742 369 805 Implet,
394 752 440 791 et
458 744 515 791 ad
537 744 739 791 moechos
761 744 837 789 dat
854 742 1022 789 eisdem
1043 740 1162 788 ferre
1190 739 1388 787 cinaedis-
1457 742 1524 786 80

184 809 263 855 Sic
287 816 445 855 natura
456 809 614 872 jubet:
654 809 851 855 velocius
873 815 920 854 et
941 807 1071 853 citius
1093 820 1177 851 nos
1269 810 1278 817 '

182 871 497 935 Corrmnpunt
516 874 727 920 vitiorum
750 872 957 933 exempla
978 871 1236 924 domesticu,
1260 868 1439 932 magnis

184 935 309 985 Cum
332 939 525 985 subeunt
546 938 719 985 animos
741 937 1009 983 auctoribus.
1067 935 1204 982 Unus
1227 941 1272 981 et
1292 934 1405 981 alter

184 1001 399 1049 Forsitan
422 1004 521 1049 haec
544 1010 756 1064 spernant
768 1003 976 1064 juvenes,
1003 1000 1161 1060 quibus
1181 1008 1278 1046 arte
1296 994 1505 1062 benigni,

183 1066 255 1115 Et
276 1068 461 1114 meliore
481 1067 592 1120 luto,
616 1066 746 1112 finxit
767 1066 1014 1129 praecordIa
1033 1063 1202 1111 Titan:
1456 1062 1522 1110 35

180 1132 279 1179 sed
299 1132 493 1193 reliquos
512 1131 725 1193 fugienda
744 1138 921 1193 patrum
943 1129 1136 1190 vestigia
1157 1128 1341 1183 ducunt,

179 1195 249 1244 Et
270 1204 520 1244 monstrata
540 1196 615 1242 diu
636 1195 801 1242 veteris
822 1195 959 1241 trahit
979 1194 1123 1240 orbita
1143 1193 1302 1255 culpae.

181 1260 427 1308 Abstineas
448 1261 587 1324 igitur
608 1258 869 1307 damnandis
888 1276 900 1305 ι
937 1260 1072 1322 hujus
1092 1258 1211 1304 enim
1234 1256 1309 1304 vel

182 1324 297 1372 Una
318 1334 477 1387 potens
500 1326 613 1371 ratio
634 1332 716 1379 est,
742 1339 801 1371 ne
822 1324 1010 1371 crimina
1030 1330 1184 1369 nostra
1205 1327 1450 1383 sequantur

183 1389 268 1438 Ex
288 1390 418 1436 nobis
438 1390 609 1452 geniti:
649 1389 857 1451 quonism
882 1388 1050 1435 dociles
1070 1385 1296 1433 imitandis
1461 1388 1528 1431 40

181 1454 415 1518 'turpibus
437 1470 488 1501 ac
510 1455 658 1518 pravis
680 1469 837 1501 omnes
861 1469 1017 1500 sumus
1036 1470 1051 1511 3
1085 1459 1130 1499 et
1155 1449 1397 1501 Catilinam

185 1520 492 1581 Quocumque
513 1521 558 1566 in
579 1520 745 1582 populo
766 1520 934 1572 videas,
953 1524 1244 1578 ‘quocumque
1266 1517 1348 1564 sub
1368 1529 1454 1563 exe
1468 1533 1483 1563 ε

184 1585 280 1632 Sed
300 1595 386 1631 nec
408 1584 580 1632 Brutus
601 1586 700 1639 erit,
725 1583 859 1630 Bruti
880 1599 964 1630 nec
986 1583 1236 1629 avunculus
1259 1595 1462 1642 usquam.

182 1647 273 1696 Nil
293 1649 415 1696 dictu
434 1648 607 1696 foedum
628 1649 819 1710 visuque
832 1649 934 1695 haec
954 1648 1107 1694 limina
1129 1653 1302 1709 tangat,

182 1713 319 1760 Intra
337 1729 441 1774 quae
461 1729 571 1776 puer
592 1720 691 1762 est:
729 1714 886 1776 procul
906 1713 1026 1766 hinc,
1050 1712 1209 1776 procul
1233 1711 1340 1758 inde
1365 1710 1530 1774 puellae

182 1777 444 1830 Lemnum,
468 1786 516 1826 et
537 1786 695 1826 cantus
716 1778 1019 1840 pernoctantis
1039 1776 1235 1839 parasiti.
1463 1777 1530 1822 46

182 1843 397 1890 Maxima
417 1844 600 1891 debetur
621 1859 760 1906 puero
782 1843 1057 1890 reverentias
1098 1841 1135 1886 si
1157 1839 1266 1901 quid

182 1907 345 1971 Turpe
364 1923 507 1970 paras,
533 1923 591 1954 ne
610 1915 661 1955 tu
682 1909 808 1969 pueri
828 1905 1122 1954 contemseris
1144 1919 1314 1952 annon

184 1973 283 2022 Sed
301 1981 541 2035 peccaturo
562 1973 708 2019 obstet
731 1973 807 2020 tibi
823 1972 942 2018 filius
963 1970 1111 2016 infans
1124 1987 1138 2016 e

184 2037 331 2092 Nam,
356 2037 394 2084 si
415 2038 520 2098 qnid
542 2038 728 2100 dignum
753 2037 952 2083 censoris
973 2035 1129 2081 fecerit
1149 2030 1216 2080 ira
1466 2035 1534 2081 50

189 2102 494 2162 Quandoque,
519 2109 566 2148 et
588 2103 776 2149 similem
800 2102 879 2148 tibi
901 2117 950 2146 se
972 2115 1064 2146 non
1087 2113 1276 2160 corpore
1296 2104 1487 2154 tantum,

186 2167 295 2215 Nec
317 2167 447 2214 vultu
470 2167 652 2222 dederit,
676 2181 853 2213 morum
877 2181 1054 2226 quoque
1074 2164 1206 2218 filius,
1231 2171 1278 2210 et
1303 2163 1382 2224 qui

186 2231 359 2280 Omnia
380 2231 575 2279 deterius
597 2239 676 2278 tua
694 2247 777 2294 per
797 2230 990 2292 vestigia
1011 2237 1182 2291 peccet,

190 2295 425 2358 Corripies
448 2297 672 2350 nimirum,
698 2304 743 2344 et
765 2294 1002 2358 castigabis
1023 2294 1182 2340 acerbo

190 2361 422 2416 Clamore,
448 2377 499 2408 ac
519 2368 623 2425 post
644 2363 741 2408 haec
763 2360 936 2407 tabulas
957 2367 1132 2405 mutare
1151 2356 1338 2420 parabis.
1465 2359 1534 2405 55

190 2426 336 2474 Unde
358 2427 437 2472 tibi
458 2425 651 2472 frontem
673 2427 1011 2484 libertatemque
1031 2423 1242 2485 parentis,

194 2490 320 2540 Cum
342 2490 477 2538 facias
500 2491 650 2552 pejora
667 2505 820 2544 senex,
844 2503 1127 2548 vacuumque
1147 2485 1329 2531 cerebro

192 2556 303 2609 Jam
326 2555 493 2617 pridem
517 2563 650 2617 caput
670 2557 757 2602 hoc
778 2562 969 2602 ventosa
989 2550 1218 2608 cucurbita
1238 2555 1410 2609 quaerst
1424 2547 1448 2595 ἰ’

260 2619 462 2684 Hospite
482 2627 691 2676 venturo,
714 2620 906 2668 cessabit
928 2633 1066 2665 nemo
1088 2623 1285 2662 tuorum.
