1859 2925
305 116 377 165 32
629 112 1027 165 JUVENALIS
1060 112 1174 163 Su..
1202 112 1322 165 vn.

312 243 447 305 Ergo
467 243 552 291 sibi
571 242 692 291 dabit
709 244 806 306 ipse
825 243 996 299 rudem,
1021 245 1059 291 si
1079 251 1235 293 nostra
1252 244 1521 293 movebunt·
1562 246 1667 293 1⁷1

313 307 529 362 Consilia,
555 316 602 355 et
622 310 730 356 vitae
751 309 978 355 diversum
998 310 1084 357 iter
1102 310 1391 371 ingredietur,

313 372 393 419 Ad
413 388 612 435 pugnam
631 374 710 434 qui
731 372 951 421 rhetoric&
970 374 1199 421 descendit
1218 375 1273 421 ab
1294 371 1467 429 umbra,

315 438 552 485 Summula
573 454 630 485 ne
649 446 816 500 pereat,
840 437 929 499 quii
949 439 1050 485 vilis
1067 444 1240 487 'tessera
1259 440 1385 485 venit

313 502 547 549 Frumenti
564 521 575 549 ε
603 504 764 565 quippe
779 504 876 551 haec
893 518 1065 550 merces
1078 503 1337 551 lautissima.
1374 502 1669 558 TentaAw

315 566 646 629 Chrysogonus
666 569 820 628 quanti
841 568 1011 621 docent,
1036 568 1111 615 vel
1132 567 1279 615 Pollio
1300 568 1471 628 quanti,

313 630 566 679 Lautorum
586 648 762 695 pueros,
784 640 927 681 artem
951 632 1157 679 scindens
1177 631 1421 679 Theodori.

315 695 488 743 Balnea
509 697 745 751 sexcentis,
769 705 816 745 et
836 696 975 759 pluris
994 698 1206 759 porticus,
1231 698 1278 743 in
1300 694 1389 757 quii

317 761 537 808 Gestetur
557 761 777 815 dominus,
801 762 977 823 quoties
998 762 1137 823 pluitx
1176 776 1293 810 anne
1313 776 1525 807 serenum

315 824 580 886 Exspectet,
605 835 872 889 spargatque
891 826 988 873 luto
1000 827 1208 888 jumenta
1229 826 1397 873 recenti
1411 826 1441 871 R
1561 828 1665 871 180

317 889 414 937 Hic
433 891 614 952 potius;
647 906 836 951 namque
856 887 930 937 hic
951 891 1133 937 mundae
1154 890 1267 937 nitet
1286 890 1459 953 ungula
1470 890 1639 937 mulae.

318 953 457 1001 Parte
475 954 564 1001 alia
583 955 732 1015 longis
755 955 1055 1003 Numidarum
1074 954 1189 1002 fulta
1208 955 1431 1003 columnis

319 1020 500 1081 Surgat,
525 1027 572 1066 et
592 1020 818 1081 algentem
840 1020 982 1081 rapiat
1000 1020 1195 1067 coenatio
1217 1020 1373 1066 solem.

319 1082 682 1145 Qianticumque
703 1084 875 1138 domus,
901 1085 1064 1138 veniet,
1088 1084 1165 1146 qui
1184 1084 1353 1131 fercula
1372 1084 1507 1131 docte

317 1146 609 1209 componam
642 1150 805 1203 veniet,
829 1148 907 1209 qui
925 1148 1219 1211 pulmentaria
1239 1148 1417 1195 condat.
1558 1148 1657 1195 185

319 1211 428 1259 Hos
448 1212 565 1259 inter
586 1220 760 1261 sumtus
781 1214 985 1261 sestertia
1006 1213 1301 1269 Quintiliano,

320 1276 392 1323 Ut
411 1278 617 1331 multum,
641 1278 730 1324 duo
754 1278 1001 1327 sufficient:
1040 1294 1113 1327 res
1134 1278 1256 1325 nulla
1275 1276 1463 1325 minoris

319 1338 556 1388 Constabit
576 1343 705 1404 patri,
729 1358 864 1404 quam
885 1342 1017 1389 filius.
1090 1341 1227 1389 Unde
1248 1342 1385 1403 igitur
1406 1347 1479 1387 tot

317 1404 624 1459 Quintilianus
647 1408 777 1453 habet
797 1407 969 1455 saltus?
1004 1406 1228 1470 Exempla
1248 1421 1470 1453 novorum

317 1470 536 1518 Fatorum
558 1473 724 1520 transi:
759 1471 883 1526 felix,
908 1480 955 1520 et
975 1473 1174 1535 pulcher,
1197 1479 1245 1520 et
1264 1487 1393 1520 acer:
1564 1473 1663 1532 ἱ190

317 1534 361 1585 F
360 1535 464 1590 elix,
487 1543 537 1582 et
557 1537 745 1598 sapiens,
771 1546 817 1584 et
838 1535 1011 1592 nobilis,
1036 1543 1083 1586 et
1100 1552 1361 1599 generosus,

317 1599 587 1662 Appositam
610 1602 754 1663 nigrae
774 1602 927 1648 lunam
952 1601 1147 1648 subtexit
1168 1601 1331 1651 alutae=

317 1663 464 1718 Felix,
489 1672 639 1716 orator
659 1679 837 1726 quoque
857 1667 1094 1719 maximus,
1118 1673 1165 1712 et
1176 1666 1426 1728 jaculator:

316 1727 399 1782 Et,
425 1729 463 1774 si
483 1729 699 1791 perfrixit,
723 1738 874 1778 cantat
893 1731 1032 1778 bene:
1066 1731 1199 1777 distat
1218 1732 1353 1784 enim,
1376 1745 1481 1790 quae

318 1793 476 1844 Sidera.
495 1801 542 1840 te
561 1795 784 1856 excipiant
804 1795 941 1842 modo
961 1795 1129 1856 primos
1151 1795 1437 1856 incipientem
1562 1796 1657 1844 195

318 1857 472 1905 Edere
491 1859 686 1920 vagitus,
709 1866 758 1906 et
777 1859 922 1906 adhuc
943 1875 971 1906 a
991 1866 1135 1906 matre
1156 1861 1401 1906 rubentem.

317 1922 370 1973 Si
394 1921 598 1972 Fortuna
616 1925 753 1978 volet,
775 1923 856 1970 fies
877 1924 935 1970 de
957 1925 1133 1970 rhetore
1154 1923 1338 1970 consulz

319 1987 370 2034 Si
391 1987 516 2034 volet
535 1989 632 2034 haec
653 1988 820 2042 eadem,
844 1987 926 2034 fies
950 1988 1005 2034 de
1024 1987 1209 2034 consule
1230 1988 1395 2034 rhetor.

313 2049 558 2100 Ventidius
573 2052 680 2112 quid
695 2052 848 2098 enim?
867 2053 978 2114 quid
993 2051 1171 2099 Tullius
1182 2052 1205 2097 Ρ
1228 2067 1343 2098 anne
1364 2052 1497 2106 aliud,
1523 2069 1654 2114 quum

315 2115 465 2169 Sidus,
490 2123 538 2164 et
559 2117 724 2162 occulti
745 2117 945 2164 miranda
964 2117 1163 2178 potentia
1182 2116 1295 2164 fati?
1558 2122 1651 2166 200

318 2181 472 2227 Servis
495 2195 634 2242 regna
653 2181 834 2234 dabunt,
859 2182 1047 2243 captivis
1069 2181 1183 2228 Fata
1204 2182 1469 2242 triumphos.

322 2243 454 2290 Felix
474 2244 548 2290 ille
570 2252 734 2299 tamen,
759 2261 897 2292 corvo
919 2261 1099 2306 quoque
1118 2246 1259 2292 rarior
1280 2246 1393 2292 albo.

320 2306 542 2354 Poenituit
564 2309 730 2355 multos
753 2324 882 2356 vanae
905 2310 1153 2369 sterilisque
1174 2309 1411 2361 cathedrae,

319 2371 448 2418 Sicut
467 2371 792 2432 Thfflsymachi
813 2375 971 2434 probat
992 2374 1154 2426 exitus,
1178 2379 1311 2434 atque
1334 2373 1529 2420 Secundi

316 2433 589 2482 Carrinatis:
627 2444 676 2482 et
697 2437 816 2484 hunc
835 2437 1017 2496 inopem
1038 2437 1227 2491 vidistis,
1252 2437 1465 2492 Athenae,
1556 2440 1643 2488 205

313 2496 400 2543 Nil
419 2507 583 2559 praeter
602 2501 773 2562 gelidas
794 2515 916 2547 susae
938 2499 1141 2548 conferre
1162 2502 1343 2548 cicutas.

309 2559 383 2618 Di.
401 2563 619 2624 majorum
642 2564 810 2612 umbris
830 2571 1012 2612 tenuem
1034 2571 1081 2614 et
1101 2565 1199 2614 sine
1217 2566 1415 2630 pondere
1437 2574 1610 2622 terram,
1632 2613 1637 2618 ,
