1859 2925
507 142 901 195 JUVENALIS
933 144 1052 197 Sar..
1075 142 1222 193 XIV.
1475 144 1542 193 97

198 275 353 331 Uxor,
376 282 425 323 et
442 274 635 324 infantes
654 276 865 325 ludebant
884 283 1112 338 quattuor,
1135 289 1254 323 unus

198 340 421 396 Vernula,
445 348 537 388 tres
558 342 753 389 domini:
793 342 871 389 sed
892 342 1070 404 magnis
1087 340 1297 387 fratribus
1317 338 1494 391 horum,

197 405 247 453 A
271 408 429 453 scrobe
450 407 525 453 vel
546 407 669 453 sulco
691 407 990 459 redeuntibus,
1015 407 1154 453 altera
1175 420 1308 451 coena
1445 406 1542 450 170

199 471 427 533 Amplior,
452 480 499 517 et
518 472 734 547 grmdes·
730 469 962 518 fumabant
980 471 1174 533 pultibus
1195 470 1314 517 ollae·

199 534 345 582 Nunc
365 536 527 583 modus
546 536 619 582 bic
640 536 737 598 agri
758 543 915 582 nostro
936 550 1029 581 non
1051 535 1215 581 sufficit
1235 535 1384 581 horto.

201 597 321 647 Inde
340 600 435 649 fere
456 600 673 647 scelerum
696 614 871 657 causae3
906 615 992 647 nec
1011 600 1140 677 plura
1159 614 1334 647 venena

200 663 410 719 Miscuit,
434 672 513 711 aut
530 664 651 712 ferro
670 672 903 741 grassatur
924 665 1088 727 saepius
1110 664 1252 711 ullum

200 728 437 777 Humanae
458 730 623 777 mentis
640 730 815 783 vitium,
838 744 974 791 quam
996 744 1118 780 saeva
1139 728 1302 790 cupido
1447 726 1540 774 175

204 792 425 841 Indomiti
439 794 639 841 censsss·
676 808 795 847 nam,
820 795 946 841 (lives
967 794 1044 855 qui
1065 792 1162 841 fieri
1181 794 1294 847 vult,

200 856 271 905 Et
292 859 383 905 cito
404 859 503 905 vult
516 858 643 906 fieri·
682 858 763 905 sed
780 874 884 919 quae
905 858 1157 905 reverentia
1175 858 1345 919 legum,

202 922 325 976 Quis
343 930 493 971 metus
512 930 591 971 aut
608 923 754 985 pudor
772 931 843 971 est
864 938 1062 984 unquam
1079 921 1356 985 properantis
1369 935 1490 969 avan
1477 918 1526 965 ἲ

200 986 363 1035 Vivite
382 989 583 1037 contenti
604 988 765 1035 casulis
784 995 833 1035 et
852 988 1040 1035 collibus
1059 988 1170 1041 istis,

200 1050 248 1099 Ο
269 1053 415 1113 pueri,
433 1052 619 1099 Marsus
640 1052 813 1101 dicebat
830 1059 879 1099 et
900 1052 1132 1099 Hernicus
1153 1052 1276 1107 olim,
1451 1051 1546 1095 180

200 1116 511 1177 Vestinusque
530 1132 698 1175 senex,
727 1132 891 1179 panem
912 1132 1166 1177 quaeramus
1186 1124 1348 1169 aratro,

204 1180 302 1235 Qui
325 1180 433 1228 satis
452 1188 523 1228 est
541 1182 743 1229 mensis·
777 1182 962 1229 laudant
981 1182 1068 1229 boc
1089 1182 1274 1229 numina
1293 1178 1423 1233 ruris,

200 1245 415 1299 Quorum
438 1262 525 1308 ope
544 1252 591 1293 et
610 1247 791 1300 auxilio,
816 1253 962 1309 gratae
981 1252 1084 1308 post
1104 1260 1270 1292 munus
1290 1244 1454 1299 aristae,

202 1308 497 1387 Contingunt
515 1311 685 1357 bomini
705 1312 871 1359 veteris
890 1310 1068 1358 fastidia
1087 1309 1291 1371 quercus.

199 1373 287 1421 Nil
308 1376 499 1423 vetitum
518 1374 679 1423 fecisse
697 1376 835 1431 volet,
860 1391 992 1437 quem
1015 1390 1108 1422 non
1129 1376 1268 1437 pudet
1287 1374 1379 1421 alto
1447 1372 1540 1419 185

202 1438 301 1487 Per
320 1440 513 1504 glaciem
533 1455 701 1503 perone
721 1440 849 1504 tegi3
882 1440 962 1502 qui
983 1441 1216 1488 submovet
1239 1438 1392 1487 Euros

200 1503 437 1552 Pellibus*
424 1507 645 1553 inversis:
680 1506 934 1568 peregrina,
959 1506 1201 1568 ignotaque
1221 1504 1364 1558 nobis,

152 1590 161 1605 e
200 1569 285 1616 Ad
303 1571 449 1617 scelus
464 1577 599 1632 atque
613 1569 752 1624 nefas,
770 1585 1064 1631 quaecumque
1079 1577 1162 1624 est,
1185 1584 1383 1631 purpura
1399 1566 1536 1614 ducit.

270 1633 395 1682 Haec
416 1635 479 1682 ini
500 1642 675 1682 veteres
694 1642 919 1714 praecepta
939 1635 1210 1682 minoribus.
1249 1641 1296 1680 at
1315 1648 1452 1688 nunc,

200 1699 325 1747 Post
342 1699 479 1746 finem
500 1701 745 1754 auctumni,
769 1697 915 1748 media
935 1700 992 1747 de
1012 1707 1146 1747 nocte
1168 1699 1376 1761 supinum
1448 1701 1542 1744 190

202 1763 482 1812 clamosus·
460 1779 675 1827 juvenem
698 1772 825 1828 pater
844 1764 1036 1812 excitat:
1077 1764 1247 1826 Accipe
1267 1777 1422 1819 ceras3

200 1830 375 1884 Scribe,
398 1845 541 1892 puer3
574 1830 743 1892 vigila3
776 1844 934 1876 causas
956 1844 1074 1891 age3
1106 1829 1287 1890 perlege
1308 1827 1464 1875 rubras

200 1893 439 1956 Majorum
460 1895 601 1957 leges,
624 1902 703 1942 aut
721 1894 861 1942 vitem
882 1909 1019 1956 posce
1037 1893 1200 1940 libello.

196 1959 299 2008 sed
320 1966 453 2021 caput
472 1960 690 2006 intactum
711 1960 845 2013 buxo,
867 1973 1086 2020 naresque
1107 1958 1272 2020 pilosas

201 2025 429 2077 Annotet,
452 2030 501 2072 et
520 2024 713 2086 grandes
734 2025 923 2071 miretur
943 2022 1115 2069 Laelius
1135 2022 1242 2068 alas.
1449 2021 1544 2070 195

199 2087 357 2136 Dirue
377 2089 647 2135 Maurorum
668 2089 873 2150 attegias,
898 2087 1084 2134 castella
1102 2086 1390 2150 Brigantum,

204 2152 282 2200 Ut
300 2153 569 2215 locupletem
590 2154 782 2215 aquilam
804 2153 881 2200 tibi
904 2152 1212 2214 sexagesimus
1233 2166 1380 2198 annus

200 2216 411 2265 Afferat:
450 2225 542 2273 aut,
566 2219 729 2282 longos
750 2225 998 2266 castrorum
1019 2216 1136 2264 ferre
1156 2217 1331 2263 labores

200 2282 258 2331 Si
276 2282 418 2345 piget,
442 2289 490 2330 et
509 2283 731 2345 tmepidum
752 2284 938 2330 solvunt
957 2283 1036 2328 tibi
1055 2296 1226 2329 cornua
1245 2286 1450 2328 ventrem

205 2345 331 2395 Cum
352 2348 475 2394 lituis
496 2349 658 2403 audita,
681 2363 825 2410 pares,
848 2347 970 2408 quod
990 2347 1187 2395 vendere
1205 2345 1350 2409 possis
1447 2347 1548 2390 200

203 2411 361 2460 Pluris
382 2411 594 2471 dimidio3
624 2429 709 2460 nec
729 2420 777 2460 te
796 2411 975 2460 fastidia
993 2413 1157 2460 mercis

206 2475 363 2523 Ullius
385 2478 571 2524 subeant
590 2477 851 2540 ablegandae
871 2477 1072 2525 Tiberim
1093 2476 1235 2522 ultra.

204 2539 317 2588 Neu
338 2542 493 2590 credas
512 2543 768 2606 ponendum
788 2543 958 2604 aliquid
977 2539 1242 2588 discriminis
1261 2538 1383 2584 inter

208 2605 463 2668 Unguenta
483 2615 531 2656 et
550 2608 753 2658 corium·
790 2607 903 2657 lucri
923 2608 1070 2655 bonus
1091 2611 1160 2652 est
1183 2603 1294 2650 odor
1313 2615 1373 2648 ex
1395 2615 1446 2650 re

1057 2683 1091 2716 x
