1859 2925
509 185 544 236 J
547 184 742 235 UVEN
744 184 900 235 ALIS
935 185 1049 235 Su.
1076 182 1167 231 vt.
1447 190 1529 235 43·

244 313 388 364 Nulla
407 313 492 361 viri
511 330 620 362 cura
638 316 820 369 interea,
845 329 930 361 nec
951 312 1123 363 mentio
1142 311 1221 361 fiet

177 378 504 427 Damnorum:
539 381 665 434 vivit,
689 383 914 442 tamquam
936 379 1085 426 vicina
1103 376 1295 435 marito,
1546 410 1555 415 .

177 443 295 491 Hoc
317 445 413 491 solo
435 445 626 507 propior,
651 445 772 505 quod
791 445 959 491 amicos
980 442 1185 505 conjugis
1206 412 1314 496 odi’t.
1426 447 1529 493 510

177 508 251 556 Et
274 524 451 567 servos;
485 509 636 571 gravis
655 516 725 556 est
747 509 1002 556 rationibus.
1064 507 1203 559 Ecce,
1226 506 1430 564 furentis,

179 572 406 627 Bellonae,
431 574 682 635 Matrisque
698 574 871 627 Dessm,
895 575 1059 619 chorus
1076 572 1227 625 intrat,
1245 579 1292 619 et
1312 572 1477 637 ingens

183 638 393 689 Semivir,
418 638 630 685 obscoeno
649 638 784 685 facies
807 638 1048 685 reverenda
1068 636 1245 689 minori,

181 701 352 749 Mollia
371 704 446 763 qui
469 702 600 765 rupta
621 704 762 749 secuit
781 703 993 764 genitalia
1014 700 1131 749 testa

179 765 219 815 J
217 782 288 813 am
302 767 486 829 pridem,
505 768 578 813 cui
591 783 723 814 rauca
737 769 910 819 cohors,
927 767 1000 813 cui
1017 773 1230 827 tympana
1249 766 1413 815 cedunt
1428 771 1525 817 515

181 783 380 885 Plebpia,
401 839 448 878 et
465 830 666 895 Phrygia
685 832 874 878 vestitur
894 833 1034 878 bucca
1053 828 1177 877 tiara.

181 896 373 944 Grande
395 904 540 951 sonat,
563 896 790 957 metuique
801 896 933 958 jubet
956 896 1227 957 Septembris
1248 903 1295 943 et
1317 896 1477 945 Austn

179 960 464 1015 Adventum,
490 962 573 1007 nisi
597 977 645 1009 se
666 968 846 1017 centum
869 960 1125 1007 lustraverit
1147 962 1261 1015 ovis,

178 1024 252 1073 Et
270 1026 592 1087 xerampelinas
607 1032 780 1073 veteres
801 1026 1064 1073 donaverit
1052 1025 1151 1086 ipsi,

181 1090 271 1145 Ut,
296 1090 505 1151 quidquid
527 1090 655 1137 subiti
677 1098 723 1137 et
745 1091 898 1152 magni
919 1090 1183 1136 discriminis
1204 1090 1355 1145 instat,
1424 1093 1529 1139 520
1583 1092 1593 1105 '

179 1154 244 1202 In
265 1156 437 1202 tunicas
459 1163 544 1209 eat,
569 1162 616 1201 et
637 1162 782 1202 totum
805 1155 941 1201 semel
962 1154 1111 1215 expiet
1130 1169 1313 1203 annum.

175 1219 450 1273 Hibernum,
475 1218 615 1266 fracta
634 1220 792 1281 glacie,
816 1219 1055 1267 descendet
1074 1220 1119 1264 in
1142 1234 1333 1274 amnem,

176 1282 278 1331 Ter
299 1285 518 1331 matutino
538 1284 690 1331 Tiberi
711 1291 955 1346 mergetur,
978 1291 1025 1330 et
1046 1283 1152 1345 ipsis

177 1348 444 1395 Vorticibus
465 1350 670 1395 timidum
691 1356 824 1410 caput
844 1349 1021 1395 abluet:
1064 1348 1167 1394 inde
1190 1348 1376 1409 Superbi

175 1413 351 1462 Totum
366 1414 485 1476 regis
505 1429 662 1476 agrum
681 1413 798 1459 nuda
819 1428 870 1459 ac
887 1413 1177 1459 tremebunda
1192 1414 1388 1462 cruentis
1425 1415 1524 1464 525

179 1479 355 1541 Erepet
376 1480 579 1540 genibus.
641 1479 688 1526 Si
711 1477 894 1525 candida
907 1479 1091 1540 jusserit
1114 1476 1184 1532 Io,

180 1543 274 1592 Ibit
295 1544 350 1590 ad
368 1544 563 1605 AEgypti
583 1542 732 1596 finem,
757 1541 984 1603 calidiique
1006 1543 1163 1604 petitas

177 1609 227 1656 A
252 1607 415 1655 Meroe
437 1609 624 1685 portabit
645 1623 794 1668 aquas,
814 1615 865 1654 ut
887 1616 1067 1669 spargat
1086 1608 1133 1652 in
1156 1606 1299 1656 aedem

179 1671 332 1727 Isidis,
357 1675 540 1734 antiquo
563 1688 664 1733 quae
685 1672 887 1732 proxima
909 1675 1055 1733 surgit
1076 1671 1213 1718 Ovili.

180 1737 340 1786 Credit
361 1739 483 1785 enim
503 1739 640 1800 ipsius
656 1737 850 1783 dominae
871 1752 922 1783 se
943 1751 1055 1782 voce
1076 1737 1263 1782 moneri.
1424 1739 1525 1784 530

173 1803 253 1852 En
279 1803 471 1848 animam
493 1809 540 1848 et
559 1809 772 1855 mentem,
791 1816 895 1848 cum
910 1798 1001 1862 qua
1016 1800 1085 1846 Di
1105 1807 1239 1847 nocte
1258 1801 1518 1861 loquantur!

176 1867 312 1930 Ergo
333 1868 405 1917 hie
425 1868 698 1929 praecipuum
721 1881 1035 1926 summumque
1054 1872 1251 1911 meretur
1271 1866 1502 1922 honorem,

179 1932 292 1986 Qui,
315 1947 458 1994 grege
477 1932 668 1992 linigero
684 1931 995 1983 circumdatus,
1014 1937 1062 1977 et
1080 1945 1223 1991 grege
1242 1930 1371 1976 calvo

176 1997 447 2058 Plangentis
467 1995 632 2057 populi,
657 1996 794 2041 currit
815 1995 984 2041 derisor
1003 1994 1194 2042 Anubis·

176 2060 266 2108 Ille
280 2061 394 2123 petit
414 2061 606 2114 veniam,
630 2059 802 2120 quoties
824 2075 915 2105 non
938 2059 1130 2105 abstinet
1150 2073 1266 2108 uxor
1420 2063 1523 2110 535

180 2125 438 2174 Concubitu
460 2125 596 2172 sacris
618 2123 990 2184 observandisque
1010 2123 1191 2181 diebus;
1211 2127 1217 2134 '

177 2191 444 2253 Magnaque
465 2190 647 2236 debetur
669 2189 834 2236 violato
853 2203 990 2250 poena
1009 2189 1199 2234 cadurco
1216 2205 1232 2246 3

174 2255 243 2304 Et
264 2255 464 2302 movisse
483 2261 617 2316 caput
629 2255 727 2300 visa
741 2260 811 2301 est
830 2260 1045 2314 argentea
1066 2267 1267 2314 serpens.

170 2319 305 2368 Illius
322 2320 536 2380 lacrymae
556 2319 850 2378 meditataque
865 2332 1093 2364 murmura
1114 2325 1342 2378 praestant,

173 2385 246 2433 Ut
264 2383 444 2431 veniam
465 2383 608 2459 culpae
626 2398 717 2430 non
737 2385 913 2436 abnuat,
938 2397 1094 2430 ansere
1114 2396 1285 2444 magno
1424 2383 1523 2430 540

173 2446 356 2498 Scilicet
372 2455 418 2494 et
437 2449 561 2494 tenui
577 2462 752 2509 popano
775 2455 1023 2508 corruptus,
1050 2446 1209 2492 Osiris.

241 2512 364 2562 Cum
387 2513 508 2558 dedit
527 2512 602 2558 ille
621 2512 805 2568 locum3
837 2511 1042 2571 cophino,
1066 2509 1278 2568 foenoque
1298 2507 1469 2564 relicto,

175 2578 406 2625 Arcanam
427 2576 462 2625 J
463 2576 591 2622 udaea
611 2583 808 2622 tremens
829 2573 1084 2621 mendicat
1072 2587 1118 2618 ιιι
1142 2587 1309 2625 aurem,

175 2639 406 2703 Interpres
425 2641 580 2703 legum
600 2639 897 2700 Solymarum,
922 2645 971 2684 et
990 2651 1155 2712 magna
1176 2635 1380 2683 sacerdos
1508 2671 1515 2682 .

171 2707 378 2762 Arboris,
404 2721 456 2754 ac
479 2704 643 2754 summi
663 2704 752 2752 fida
771 2701 1046 2750 internuntia
1062 2699 1192 2747 ooeli·
1424 2699 1521 2750 545,
