1859 2925
279 156 348 207 54
585 145 622 197 J
627 142 985 195 UVENALIS
1018 143 1131 192 Sn-
1160 140 1308 191 VIII.

283 277 421 329 Hac,
443 274 604 336 inquit,
627 288 788 331 ουτως
821 279 882 327 et,
907 286 1012 321 cum
1034 286 1087 319 se
1104 270 1291 319 verterit
1310 284 1477 329 mnus,
1540 274 1653 319 242

283 342 468 405 Accipe,
494 339 654 387 victori
674 339 866 402 populus
887 337 1010 400 quod
1031 336 1241 400 postulat,
1264 352 1445 385 aurum.

739 528 991 577 SATIRA
1024 527 1172 577 VIII.

283 664 561 712 Sumus-n
604 662 714 725 quid
754 661 941 719 faciunt,
988 663 1097 725 quid
1140 663 1336 726 prodest,
1386 661 1605 722 Pontice,

476 730 522 776 lo
587 745 616 774 o

283 794 514 856 Sanguine
523 744 720 847 {gmeth
743 793 979 855 pictosque
1000 793 1235 840 ostendere
1254 794 1409 841 vultus

282 858 530 921 Majorum,
555 866 602 904 et
623 864 794 905 stantes
815 858 863 903 in
885 856 1087 905 curribus
1108 858 1394 911 AErnilianos,

280 922 350 970 Et
373 922 538 971 Curios
551 924 646 985 Jam
669 922 890 975 dimidios,
915 923 1215 983 humerosque
1234 923 1457 970 minorem

283 986 550 1041 corvinum,
575 995 621 1033 et
645 987 837 1034 Galbam
857 988 1069 1033 auriculis
1092 1002 1289 1047 nasoque
1310 995 1543 1037 carentem
1556 990 1584 1037 ’ἐ
1606 993 1645 1039 5

282 1051 402 1106 Quis
422 1052 596 1099 fructus
615 1052 796 1113 generis
818 1049 966 1098 tabula
979 1053 1152 1114 jactare
1174 1053 1322 1114 capaci

282 1114 574 1228 ffuminum,
597 1117 784 1178 posthac
805 1114 949 1163 multa
970 1116 1235 1178 contingere
1255 1116 1407 1182 virga]

331 1196 512 1229 umosos
533 1182 732 1242 equitum
755 1196 857 1227 cum
881 1181 1099 1227 dictatore
1119 1181 1373 1242 magistros,

282 1246 334 1293 si
355 1262 505 1295 coram
529 1245 712 1307 Lepidis
733 1246 850 1293 male
871 1244 1073 1293 vivitur?
1106 1245 1299 1307 Effigies
1318 1262 1413 1309 quo

280 1308 376 1359 Tot
394 1311 672 1364 bellatorum,
699 1311 736 1355 si
758 1310 926 1356 luditur
948 1311 1043 1357 alea
1062 1324 1236 1371 pernox
1568 1319 1639 1363 10

279 1374 409 1423 Ante
429 1374 736 1421 Numantinos
749 1374 772 1419 ἵ
807 1375 846 1420 si
867 1374 1061 1421 dormire
1080 1375 1239 1436 incipis
1260 1384 1362 1423 ortu

279 1438 494 1494 Luciferi,
517 1455 609 1502 quo
631 1440 762 1503 signa
781 1439 917 1486 duces
940 1446 986 1486 et
1007 1447 1152 1486 castra
1172 1441 1449 1490 movebant?

281 1503 380 1554 Cur
401 1506 720 1568 Allobrogicis,
745 1513 792 1552 et
813 1503 979 1567 magnii
999 1506 1192 1567 gaudeat
1212 1503 1290 1553 ard

278 1569 430 1616 Natus
451 1571 497 1616 in
521 1569 752 1616 Herculeo
775 1569 940 1616 Fabius
960 1570 1067 1622 lare,
1092 1570 1130 1615 si
1152 1571 1352 1632 cupidus,
1378 1573 1416 1619 si

277 1633 452 1688 Vanus,
477 1642 524 1680 et
546 1632 767 1696 Euganea
787 1634 1073 1694 quantumvis
1094 1634 1270 1681 mollior
1290 1635 1411 1698 agna
1422 1655 1439 1695 ς
1558 1643 1626 1689 15

277 1699 342 1752 si,
365 1705 568 1746 tenerum
591 1699 770 1746 attritus
791 1697 1024 1746 Catinensi
1044 1699 1221 1760 pumice
1239 1700 1457 1760 lumbum,

277 1764 541 1825 Squalentes
562 1763 754 1810 traducit
772 1778 896 1817 avos,
921 1770 1155 1824 emtorque
1174 1765 1336 1812 veneni

275 1826 548 1890 Frangenda
567 1829 773 1876 miseram
793 1826 993 1875 funestat
1013 1829 1209 1890 imagine
1228 1830 1449 1891 gentem?

272 1891 396 1940 Tota
413 1893 519 1940 licet
539 1900 712 1941 veteres
733 1900 953 1940 exornent
974 1893 1169 1954 undique
1189 1909 1307 1941 cerae

273 1957 420 2011 Atria,
445 1958 648 2004 nobilitas
671 1957 766 2004 sola
785 1964 854 2004 est
873 1965 1009 2018 atque
1028 1958 1159 2004 unica
1178 1959 1338 2006 virtus.
1547 1969 1617 2013 20

272 2021 456 2073 Paulus.
482 2023 555 2069 vel
579 2020 765 2076 Cossus,
789 2023 862 2069 vel
884 2021 1069 2070 Drusus
1090 2023 1285 2070 moribus
1306 2031 1431 2073 esto:

273 2085 382 2134 Hos
402 2093 508 2133 ente
529 2086 702 2148 effigies
721 2088 943 2148 majorum
962 2101 1082 2148 pone
1101 2094 1309 2138 tuorum:

272 2150 540 2198 Praecedant
560 2152 678 2213 ipsas
697 2151 776 2205 illi,
803 2159 848 2198 te
869 2151 1068 2205 consule,
1093 2153 1259 2214 virgas,

272 2213 430 2261 Prima
449 2216 558 2262 mihi
579 2215 711 2262 debes
731 2216 867 2262 animi
887 2216 1031 2263 bona:
1070 2224 1251 2264 sanctus
1270 2218 1435 2276 haberi,

268 2279 304 2328 J
305 2279 558 2340 ustitiaeque
579 2287 714 2326 tenax
732 2279 863 2326 factis
884 2279 1105 2340 dictisque
1124 2283 1306 2328 mereris
1318 2282 1341 2328 Ρ
1548 2291 1617 2338 25
1707 2291 1711 2304 ·

269 2343 490 2404 Agnosco
511 2359 766 2405 procerem:
805 2344 942 2396 salve,
969 2344 1209 2401 Gaetulice,
1232 2361 1311 2392 seu
1334 2355 1386 2394 tu

266 2407 459 2460 Silanus,
483 2423 768 2468 quocumque
787 2409 875 2454 alio
895 2407 951 2454 de
972 2409 1203 2470 sanguine,
1229 2426 1354 2459 rarus

268 2468 398 2517 Civis
419 2477 464 2517 et
486 2473 696 2534 egregius
717 2473 872 2533 patriae
893 2473 1121 2534 contingis
1142 2475 1309 2521 ovanti.

263 2531 534 2581 Exclamare
552 2536 672 2589 libet,
697 2535 887 2597 populus
907 2535 1031 2595 quod
1050 2537 1225 2591 clamat,
1251 2537 1374 2586 Osiri
1548 2551 1617 2596 29

267 2594 478 2644 Invento.
530 2599 648 2653 Quis
665 2600 787 2646 enim
809 2613 1082 2664 generosum
1104 2601 1267 2650 dixerit
1286 2604 1419 2659 hunc„
1442 2608 1523 2668 qui

265 2657 489 2723 Indignus
503 2665 690 2726 genere,
713 2670 760 2710 et
778 2661 994 2724 praeclaro
1016 2665 1199 2713 nomine
1219 2673 1393 2717 tantum
1616 2661 1623 2668 ’
