1859 2925
512 150 548 201 J
554 150 911 203 UVENALIS
943 152 1059 203 Su.
1082 152 1240 201 ΧΠ.
1469 156 1531 199 81

190 252 395 327 Altisoni
416 280 592 328 dubiam
610 280 819 333 facientia
838 282 1038 329 earmina
1056 282 1266 345 palmam·

194 344 325 399 Quid
345 346 494 400 refert,
517 346 629 393 tales
650 362 809 394 versus
827 362 918 407 qua
937 362 1052 394 voce
1071 345 1312 409 legantur?
1440 348 1461 391 1
1473 349 1543 393 80

262 410 355 457 Sed
375 426 497 460 nunc
518 412 663 457 dilatis
683 418 837 459 averte
856 412 1039 473 negotia
1059 412 1191 465 curis,

192 472 265 521 Et
285 483 462 537 gratam
484 477 680 537 requiem
700 476 821 523 dona
840 476 932 529 tibi,
957 476 1134 536 quando
1155 476 1304 523 licebit

195 538 293 586 Per
312 547 455 587 totam
476 556 650 587 cessare
670 541 818 587 diem:
856 555 946 587 non
969 540 1138 587 fenoris
1159 541 1249 587 ulla

194 602 412 662 Mentio;
442 620 541 659 nec,
566 603 709 667 prima
730 606 767 651 si
788 606 889 652 luce
910 620 1115 667 egressa,
1131 606 1294 653 reverti

192 668 351 717 Nocte
372 669 503 723 solet,
523 670 660 717 tacito
679 670 812 716 bilem
834 670 913 716 tibi
935 670 1170 717 contrahat
1189 686 1320 724 uxor,
1442 672 1463 715 1
1475 670 1540 717 85

193 732 405 780 Humida
424 734 641 796 suspectis
661 734 857 781 referens
877 734 1077 781 multicia
1097 735 1236 797 rugis,

191 796 486 859 vexatasque
506 814 673 853 comas,
698 807 745 845 et
766 799 942 845 vultum
964 814 1204 861 auremque
1225 799 1458 845 calentem.

195 860 416 909 Protinus
437 870 542 910 ante
562 879 727 917 meum,
751 863 965 924 quidquid
985 864 1120 916 dolet,
1145 878 1261 911 exue
1280 864 1444 910 limen:

195 925 331 975 Pone
352 928 549 982 domum,
574 935 621 974 et
642 944 811 982 servos,
836 935 883 974 et
903 928 1116 988 quidquid
1134 927 1358 991 frangitur
1377 928 1480 981 illis,

190 992 297 1040 Aut
316 992 456 1053 perit·
494 993 708 1054 ingratos,
734 1000 839 1039 ante
860 992 1023 1046 omnia,
1047 1008 1166 1054 pone
1188 994 1378 1040 sodales.
1444 996 1543 1041 190

262 1055 447 1104 Interea
467 1056 787 1118 Megalesiacae
809 1057 1063 1122 spectacula
1081 1072 1256 1119 mappae

192 1119 375 1168 Idaeum
398 1122 597 1169 sollenne
618 1122 787 1175 colunt,
812 1106 1063 1181 similisque
1077 1122 1302 1183 triumpho

194 1183 409 1249 [Praeda]
431 1186 699 1233 caballorum
720 1194 887 1249 praetor
909 1186 1048 1239 sedet,
1072 1201 1124 1233 ac
1147 1185 1278 1249 (mihi
1298 1201 1412 1249 pace

191 1250 444 1297 Immensae
464 1252 704 1312 nimiaeque
723 1252 829 1297 licet
850 1250 886 1297 si
908 1250 1055 1297 dicere
1074 1248 1235 1312 plebis)

190 1315 364 1363 Totam
386 1316 517 1361 hodie
536 1316 733 1363 Romam
758 1314 919 1363 Circus
941 1315 1087 1377 capit;
1109 1323 1156 1363 et
1174 1315 1331 1379 fragor
1347 1330 1503 1363 aurem

191 1380 415 1435 Percutit,
439 1388 651 1427 eventum
671 1380 824 1427 viridis
845 1394 935 1441 quo
957 1381 1122 1442 colligo
1142 1396 1293 1443 panm,
1440 1384 1536 1429 196

190 1444 333 1500 Nam,
360 1445 398 1492 si
418 1443 639 1500 deficeret,
662 1452 871 1492 moestam
892 1446 1216 1506 attonitamque
1235 1444 1411 1494 videres

190 1510 335 1558 Hanc
356 1511 527 1564 urbem,
552 1511 691 1558 veluti
715 1509 973 1558 Cannarum
995 1511 1041 1556 ἰιι
1062 1511 1247 1572 pulvere
1267 1512 1398 1558 victis

193 1574 485 1624 Consulibus.
529 1575 742 1636 Spectent
753 1577 960 1638 juvenes,
986 1591 1098 1636 quos
1119 1576 1300 1631 clamor,
1325 1583 1372 1623 et
1390 1576 1538 1623 audax

192 1640 405 1703 Sponsio,
430 1654 542 1700 quos
563 1640 697 1687 eultae
718 1641 847 1686 decet
867 1640 1084 1687 assedisse
1104 1641 1291 1702 puellae=
1436 1645 1536 1688 200

191 1705 413 1767 Spectent
434 1706 519 1751 hoc
540 1713 695 1767 nuptae
706 1706 842 1767 juxta
865 1705 1102 1752 recubante
1121 1705 1296 1760 marito,

192 1769 336 1824 Quod
356 1769 521 1831 pudeat
542 1767 743 1816 nat-resse
764 1770 953 1830 aliquem
976 1771 1268 1832 praesentibus
1288 1771 1412 1832 ipsis.

188 1834 368 1882 Nostra
387 1835 506 1881 bibat
526 1846 713 1882 vernum
735 1842 966 1880 eontracta
985 1835 1178 1882 cuticula
1198 1835 1352 1888 solem,

188 1898 491 1962 Effugiatque
510 1905 679 1960 togam.
748 1898 855 1948 Jam
877 1913 999 1945 nunc
1019 1899 1064 1945 in
1087 1899 1257 1952 balnea,
1283 1897 1406 1946 salvi
1437 1903 1535 1947 204

188 1963 379 2016 Fronte,
399 1964 505 2010 licet
524 1963 674 2018 vadas,
699 1979 966 2024 quamquam
989 1963 1129 2010 solida
1149 1965 1258 2010 hora
1279 1965 1470 2026 supersit

189 2029 272 2076 Ad
294 2036 483 2076 sextam.
555 2027 724 2076 Facere
746 2029 831 2074 hoc
853 2043 946 2076 non
966 2029 1111 2090 possis
1133 2029 1326 2090 quinque
1349 2030 1502 2077 diebus

190 2092 451 2146 ContinuiS,
476 2093 579 2154 quia
600 2100 705 2140 sunt
726 2093 825 2140 talis
846 2109 1025 2154 quoque
1047 2094 1180 2140 taedia
1199 2094 1309 2140 vitae

188 2157 383 2222 Magna.
456 2157 725 2222 Voluptates
745 2158 1030 2209 commendat
1051 2159 1190 2206 rarior
1210 2174 1334 2206 usus.

660 2385 911 2435 SATIRA
944 2385 1067 2434 ΧΠ-

185 2546 403 2600 Nilum,
431 2543 645 2600 corvine,
669 2546 741 2594 die
762 2547 871 2593 mihi
893 2547 1066 2594 dulcior
1087 2547 1186 2592 haec
1207 2545 1302 2600 lux,

186 2609 293 2672 Qua
311 2611 459 2660 festus
479 2611 699 2674 promissa
720 2609 843 2658 Deis
864 2611 1073 2658 animalia
1094 2625 1264 2670 caespes

183 2676 451 2738 Exspectat.
522 2675 719 2724 Niveam
743 2675 942 2738 Reginae
963 2675 1168 2734 ducimus
1189 2683 1389 2736 agnam}
