1859 2925
530 160 921 215 JUVENALIS
955 164 1068 214 Su.
1098 164 1164 213 X.
1457 172 1524 217 ⁶9

174 292 426 358 sejnnuma
462 308 568 342 nem
588 294 667 356 qui
687 294 851 342 nimios
870 295 1052 357 optabat
1070 296 1278 351 honores,

170 358 247 406 Et
266 359 426 406 nimias
446 360 655 421 poscebat
675 374 799 421 opes,
822 374 1061 407 numerosa
1073 361 1254 422 parabat
1425 361 1520 409 los

179 422 399 471 Excelsae
416 425 551 471 turris
566 424 773 477 tabulata,
796 423 915 471 unde
935 424 1066 471 altior
1086 432 1204 472 esset

178 486 348 541 Casus,
372 498 419 535 et
438 489 642 551 impulsae
660 503 861 550 proeceps
882 489 1077 535 immane
1093 490 1247 536 ruinae.

178 550 312 606 Quid
330 550 533 607 Crassos,
556 552 663 614 quid
683 551 938 615 Pompeios,
962 553 1156 599 evertit?
1187 561 1234 600 et
1253 554 1392 608 illum,

179 616 265 663 Ad
288 630 369 663 suu
388 618 464 679 qui
485 618 678 664 domitos
699 617 882 664 deduxit
902 616 1046 679 flagra
1062 616 1300 671 Quirites?

179 680 403 728 Summus
422 696 583 743 nempe
601 682 728 728 locus
750 680 871 728 nulli
890 696 984 727 non
1005 688 1100 728 arte
1119 683 1299 744 petitus,
1435 685 1530 731 110

179 744 451 807 Magnaque
471 746 725 792 numinibus
744 754 851 793 vota
870 746 1078 793 exaudita
1097 748 1318 809 malignis.

180 808 264 855 Ad
284 824 503 872 generum
526 809 704 859 Cereris
726 810 821 857 sine
842 811 966 857 aede
981 818 1028 857 et
1047 811 1232 857 vulnere
1246 812 1374 873 pauci

179 872 487 921 Descendunt
508 890 651 937 reges,
676 881 722 921 et
743 872 860 921 sicca
874 882 1023 921 morte
1041 876 1235 937 tyranni.

251 938 497 1000 Eloquium
520 954 572 985 ac
590 938 756 985 famam
778 938 1102 987 Demosthenis
1122 947 1200 987 aut
1223 938 1454 989 Ciceronis

184 1000 358 1065 Incipit
376 1011 545 1066 optare,
568 1011 615 1050 et
636 1004 743 1049 totis
760 1002 1112 1065 Quinquatribus
1132 1011 1270 1066 optat,
1437 1007 1529 1057 115

183 1066 409 1128 Quisquis
429 1068 573 1115 adhuc
593 1082 685 1115 uno
704 1075 875 1129 partam
898 1069 1007 1114 colit
1025 1083 1125 1115 asse
1143 1068 1418 1127 Minervam,
1495 1092 1502 1099 ·

184 1131 345 1185 Quem
367 1134 564 1193 sequitur
580 1140 735 1181 custos
755 1139 962 1194 angustae
983 1132 1168 1179 vernula
1188 1148 1348 1195 capsae.

184 1195 389 1258 Eloquio
411 1196 489 1245 sed
508 1204 694 1258 uterque
712 1198 829 1259 perit
849 1204 1030 1245 orator·
1069 1204 1306 1259 utrumque

186 1259 374 1339 Largus
390 1269 436 1309 et
451 1261 681 1309 exundans
695 1262 787 1309 leto
803 1261 956 1308 dedit
941 1261 1110 1323 ingenii
1129 1261 1248 1309 fons.

186 1324 388 1389 Ingenio
408 1340 568 1373 manus
588 1334 659 1373 est
678 1333 727 1373 et
746 1326 1060 1383 cervixcaesa3
1092 1341 1176 1373 nec
1197 1341 1392 1389 unquam
1437 1330 1532 1375 120

188 1391 425 1453 Sanguine
444 1390 652 1438 causidici
672 1390 939 1439 maduerunt
953 1390 1122 1438 Rostra
1141 1391 1302 1453 pusilli.

186 1463 225 1490 ‘⁴
246 1455 294 1504 0
313 1456 585 1506 fortunatam
600 1464 751 1504 natam
771 1471 845 1503 me
860 1455 1049 1504 consule
1060 1455 1288 1506 Romam.
1276 1454 1325 1490 ¹”

188 1521 372 1568 Antoni
390 1521 641 1584 gladiospo
642 1521 728 1568 tuit
747 1527 1047 1574 contemnere,
1073 1521 1112 1567 si
1133 1521 1198 1568 sic

192 1585 365 1633 Omnia
386 1585 582 1633 discissae.
583 1537 840 1633 poRidenda
859 1585 1067 1648 Ροὲιιιιιι
1085 1585 1220 1640 malo,

190 1649 348 1704 Quam
370 1656 417 1696 te
437 1650 704 1712 conspicuoe,
724 1649 875 1697 divina
892 1649 1152 1712 Philippica,
1169 1649 1531 1704 famae,125

191 1714 409 1761 Volveris
428 1729 457 1760 a
475 1711 620 1776 primi
635 1729 737 1775 quae
754 1714 976 1776 proxima.
1033 1714 1195 1762 Saevus
1215 1722 1262 1761 et
1281 1715 1407 1762 illum

188 1777 360 1828 Exitus
376 1779 549 1841 eripuit,
573 1793 707 1840 quem
726 1779 999 1825 nutabantur
1018 1777 1218 1826 Athense

189 1841 477 1898 Torrentem,
502 1849 548 1890 et
567 1843 686 1906 pleni
707 1843 1011 1890 moderantem
1025 1841 1154 1890 frena
1171 1841 1347 1891 theatri.

191 1907 287 1956 Dis
306 1908 383 1955 ille
402 1908 599 1955 adversis
618 1907 812 1972 genitus,
834 1906 1019 1967 fatoque
1040 1907 1232 1962 sinistro,
1469 1963 1474 1970 ¹

194 1973 369 2027 Quem
370 1980 507 2034 pa,ter
526 1972 721 2019 ardentis
741 1987 902 2018 massae
920 1971 1110 2034 fuligine
1126 1971 1289 2034 lippus,
1446 1977 1540 2022 iso

193 2037 243 2086 A
260 2037 453 2084 carbone
472 2045 519 2083 et
535 2037 649 2083 forci
678 2037 788 2089 ibus,
812 2036 1074 2099 gladiosque
1090 2044 1275 2098 parante
1417 2056 1426 2069 ι

195 2101 384 2154 Incutie,
410 2107 456 2147 et
474 2101 598 2148 luteo
668 2101 841 2155 ulcano,
866 2100 922 2147 ed
945 2102 1121 2148 rhetora
1141 2101 1276 2148 misit.

192 2173 201 2196 ¹·
258 2165 492 2214 Bellorum
514 2166 705 2220 exuviae,
724 2165 892 2212 truncis
907 2165 1042 2212 affixa
1060 2159 1258 2227 tropaeis‘

196 2229 379 2284 Lot-ica,
402 2237 451 2276 et
462 2228 605 2277 fracti
624 2231 681 2276 (le
700 2229 871 2277 casside
888 2230 1076 2276 buccula
1089 2231 1302 2291 pendens,

196 2296 266 2345 Et
286 2302 465 2342 curtum
485 2301 668 2341 temone
679 2296 858 2370 jugum,
881 2295 1104 2355 victaeque
1124 2295 1317 2350 triremis
1449 2299 1540 2350 135

196 2361 429 2422 Aplunre,
455 2367 501 2406 et
523 2374 699 2406 summo
720 2359 859 2405 tristis
880 2359 1082 2423 captivus
1103 2359 1150 2404 in
1171 2374 1291 2412 arcu,

199 2425 432 2473 Humanis
452 2425 621 2486 majora
640 2423 768 2470 bonis
790 2423 1060 2470 creduntur·
1099 2423 1154 2469 ad
1175 2423 1274 2469 haec
1298 2439 1348 2470 se

196 2489 439 2538 Romanus
460 2489 717 2548 Graiusque
737 2502 789 2533 ac
807 2489 1018 2534 barbarus
1038 2487 1332 2548 endoperator

200 2554 396 2603 Erexit:
435 2568 591 2600 causas
608 2553 872 2600 discriminis
893 2560 1027 2612 atque
1046 2551 1207 2598 iaboris

198 2619 317 2666 Inde
337 2618 503 2665 habuit.
561 2617 713 2664 Tanto
732 2618 876 2679 major
894 2615 1030 2662 famae
1052 2615 1148 2662 sitis
1167 2620 1252 2668 est,
1263 2615 1408 2690 'q‘uam
1452 2619 1548 2666 140

200 2683 423 2732 Virtutis.
460 2697 562 2745 qius
582 2681 702 2730 enim
724 2681 936 2731 virtutem
958 2678 1274 2743 amplectitur'
1261 2693 1419 2742 ipsam,
1533 2701 1542 2708 -
