1859 2925
360 140 427 187 9⁶
672 136 1069 189 JUVENALIS
1103 138 1216 189 Su.
1243 136 1388 191 XIV.

357 269 575 325 Alterius,
596 270 815 319 conchem
838 270 1056 324 estivam,
1075 286 1180 317 cum
1199 278 1326 333 parte
1345 271 1508 320 lacerti
1609 276 1696 321 131

362 337 611 397 signatam,
636 336 711 383 vel
730 336 913 382 dimidio
933 336 1142 397 putrique
1157 337 1308 391 siluro,

354 400 549 461 —Filaque
570 402 725 447 sectivi
746 410 978 447 numerata
997 400 1224 447 includere
1243 400 1376 462 porri.

360 462 587 512 Invitatus
607 466 665 512 ad
685 466 785 511 baec
802 465 960 525 aliquis
981 465 1038 511 de
1055 474 1194 527 ponte
1215 466 1412 527 negabit·

359 530 452 577 Sed
472 546 565 591 quo
585 531 760 577 divitias
778 530 879 575 haec
898 544 979 590 per
999 538 1224 576 tormenta
1241 537 1435 584 coactas,
1601 533 1700 579 185

359 592 481 643 Cum
496 594 623 641 furor
641 595 759 641 baud
778 594 952 647 dubius,
977 609 1080 640 cum
1103 595 1162 640 sit
1177 593 1412 641 manifesta
1432 596 1681 658 phrenesis,

359 658 431 705 Ut
450 660 649 722 locuples
670 659 885 711 moriaris,
910 659 1064 719 egenti
1085 659 1238 705 vivere
1256 657 1352 705 fato
1365 659 1389 705 :²

358 722 543 771 Interea
560 724 695 786 pleno
714 738 824 769 cum
838 729 994 784 turget
1015 724 1217 769 succinus
1239 738 1330 778 ore,

361 786 541 837 Crescit
560 804 687 835 arnor
706 787 895 841 minimi,
918 795 1136 848 quantum
1158 788 1253 850 ipsa
1273 788 1464 850 pecunia
1483 790 1662 851 crevit3

354 852 424 901 Et
444 854 593 899 minus
612 854 727 899 hanc
746 859 887 914 optat,
910 853 990 912 qui
1009 866 1102 898 non
1124 852 1268 899 habet.
1307 852 1441 915 Ergo
1461 862 1646 917 paratur

357 918 518 965 Altera
533 918 638 964 villa
656 918 755 969 tibi,—
774 932 879 963 cum
900 932 978 963 rus
999 930 1092 963 non
1113 917 1278 965 sufficit
1297 933 1456 974 unum,
1601 923 1690 967 141

355 981 425 1030 Et
444 982 643 1044 proferre
660 982 767 1027 libet
785 980 899 1028 fines
912 998 945 1047 3⁶
961 982 1192 1044 majorque
1211 982 1402 1037 videtur,
1511 1012 1516 1015 -

355 1046 425 1095 Et
444 1048 614 1100 melior,
638 1046 785 1093 vicina
804 1061 966 1107 aegest
1003 1048 1213 1093 mercaris
1233 1054 1282 1093 et
1300 1048 1430 1103 hanc,
1454 1055 1505 1096 et

356 1112 570 1165 Arbusu,
594 1118 643 1157 et
662 1108 800 1157 densi
818 1117 1022 1157 montem
1043 1112 1119 1173 qui
1141 1119 1272 1159 canet
1293 1111 1426 1159 oliva.

358 1174 569 1231 Quorum
592 1176 629 1222 si
648 1176 793 1238 pretio
814 1176 1022 1222 dominus
1043 1191 1135 1223 non
1157 1176 1350 1223 vincitur
1371 1178 1481 1233 ullo,
1603 1180 1698 1230 145

356 1238 513 1287 Nocte
530 1242 669 1287 boves
688 1240 839 1293 macri,
863 1240 1072 1301 lassoque
1094 1240 1296 1288 famelica
1317 1241 1436 1289 collo

353 1304 390 1354 J
392 1313 585 1359 umenta,
608 1306 667 1351 ad
686 1304 851 1351 virides
870 1306 1005 1368 hujus
1027 1306 1263 1353 mittentur
1283 1306 1473 1365 aristas3

354 1368 460 1417 Nec
481 1370 604 1432 prius
622 1370 727 1416 inde
747 1370 948 1424 domum,
973 1384 1107 1431 quam
1129 1378 1227 1418 tota
1247 1371 1423 1418 novalia
1445 1387 1598 1421 saevos

352 1432 414 1482 In
436 1443 617 1483 ventres
634 1436 807 1489 abeant,
832 1442 883 1482 ut
904 1435 1060 1483 credas
1077 1434 1262 1502 falcibus
1283 1443 1450 1484 actum.

352 1499 525 1548 Dicere
544 1501 623 1548 vix
643 1501 801 1562 possi&
826 1513 960 1561 quam
981 1501 1110 1547 multi
1131 1501 1238 1548 talia
1258 1502 1450 1564 plorent,
1599 1505 1696 1552 150

352 1563 421 1613 Et
440 1573 552 1628 quot
571 1566 751 1613 venales
772 1566 934 1628 injuria
951 1565 1107 1612 fecerit
1128 1581 1278 1628 agros.

351 1630 443 1678 Sed
464 1631 541 1691 qui
562 1645 791 1677 sermones
802 1629 825 1674 ἰ’
858 1645 994 1691 quam
1013 1629 1150 1678 foedae
1170 1632 1357 1678 buccina
1375 1632 1512 1680 famae
1527 1632 1552 1678 ’ἓ
1705 1672 1711 1680 .

350 1693 476 1749 Quid
496 1701 630 1742 nocet
649 1695 781 1742 haec?
814 1695 989 1756 inquit:
1028 1696 1225 1742 tunicam
1246 1697 1355 1743 mihi
1376 1698 1497 1746 malo
1531 1699 1691 1762 lupini,

351 1759 504 1814 Quam
525 1760 562 1806 si
583 1775 659 1806 me
678 1767 775 1806 toto
794 1759 948 1806 laudet
966 1760 1130 1807 vicinia
1148 1777 1282 1823 pago,

346 1823 521 1887 Exigui
543 1825 657 1871 ruris
676 1825 943 1886 paucissima
961 1823 1080 1872 farra
1100 1834 1340 1872 secantem.
1594 1831 1692 1878 155

348 1889 529 1936 Scilicet
548 1896 597 1936 et
618 1890 783 1936 morbis
802 1896 851 1936 et
870 1890 1094 1938 debilitate
1113 1891 1296 1946 carebis,

347 1953 416 2000 Et
436 1954 607 2001 luctum
629 1962 675 2001 et
696 1969 849 2002 curam
870 1954 1072 2016 effugies,
1097 1962 1144 2002 et
1163 1963 1365 2018 tempora
1379 1955 1490 2004 vitae

346 2017 514 2080 Longa
534 2019 613 2066 tibi
633 2027 737 2080 post
756 2020 855 2066 haec
873 2017 970 2066 fato
989 2019 1174 2067 meliore
1193 2020 1442 2080 dabuntur3

348 2083 397 2130 Si
419 2089 594 2129 tannim
616 2085 724 2130 culti
746 2085 868 2130 solus
887 2085 1138 2146 possederis
1158 2085 1271 2148 agri,

345 2146 581 2202 Quantum
604 2149 687 2194 sub
706 2147 843 2194 Tatio
860 2149 1054 2211 populus
1075 2149 1313 2197 Romanus
1333 2150 1508 2200 arabat!
1589 2155 1690 2202 160

344 2211 468 2258 Mox
488 2212 621 2258 etiam
640 2211 794 2258 fractis
814 2220 963 2267 aetate,
987 2229 1040 2260 ac
1063 2213 1237 2262 Punica
1249 2215 1392 2277 passis

346 2274 529 2328 Proelia,
546 2275 622 2322 vel
638 2274 865 2336 Pyrrhum
882 2277 1138 2333 immanem,
1157 2280 1418 2341 gladiosque
1430 2277 1686 2344 Molossos,

343 2338 549 2386 Tandem
570 2354 653 2401 pro
674 2340 828 2386 multis
848 2341 927 2386 vix
940 2343 1107 2403 jugera
1125 2344 1229 2390 bina
1249 2344 1464 2390 dabantur

340 2401 644 2450 Vulneribus:
676 2419 849 2450 merces
862 2405 963 2450 haec
985 2408 1216 2468 sanguinis
1237 2415 1370 2469 atque
1390 2408 1554 2457 laboris

340 2463 493 2512 Nullis
514 2467 611 2514 visa
630 2482 827 2527 unquam
848 2469 1024 2515 meritis
1043 2471 1204 2525 minor,
1229 2480 1308 2518 aut
1328 2473 1522 2534 ingratae
1589 2477 1688 2529 165

346 2526 490 2575 Curta
508 2529 619 2576 {ides
639 2533 810 2592 patrioe.
883 2531 1120 2581 Saturabat
1139 2537 1319 2598 glebula
1337 2537 1441 2586 talis

344 2592 525 2640 Patrem
548 2594 709 2656 ipsum,
734 2596 998 2656 turbantque
1019 2613 1150 2656 casse,
1174 2599 1263 2662 quai
1282 2601 1376 2650 feta
1386 2602 1568 2665 jacebat
