<?xml version="1.0" encoding="UTF-8"?>
<!DOCTYPE html PUBLIC "-//W3C//DTD XHTML 1.0 Transitional//EN"
    "http://www.w3.org/TR/xhtml1/DTD/xhtml1-transitional.dtd">
<html xmlns="http://www.w3.org/1999/xhtml" xml:lang="en" lang="en">
 <head>
  <title>
</title>
<meta http-equiv="Content-Type" content="text/html;charset=utf-8" />
  <meta name='ocr-system' content='tesseract 3.04.00' />
  <meta name='ocr-capabilities' content='ocr_page ocr_carea ocr_par ocr_line ocrx_word'/>
</head>
<body>
  <div class='ocr_page' id='page_1' title='image "./djuniijuvenalis00arbigoog_0065.png"; bbox 0 0 1859 2925; ppageno 0'>
   <div class='ocr_carea' id='block_1_1' title="bbox 513 172 1558 227">
    <p class='ocr_par' dir='ltr' id='par_1_1' title="bbox 513 172 1558 227">
     <span class='ocr_line' id='line_1_1' title="bbox 513 172 1558 227; baseline 0 0"><span class='ocrx_word' id='word_1_1' title='bbox 513 172 904 227; x_wconf 75' lang='lat' dir='ltr'><strong>JUVENALrs</strong></span> <span class='ocrx_word' id='word_1_2' title='bbox 939 176 1051 225; x_wconf 69' lang='lat' dir='ltr'><strong>Su.</strong></span> <span class='ocrx_word' id='word_1_3' title='bbox 1082 174 1231 225; x_wconf 82' lang='lat' dir='ltr'>VIII.</span> <span class='ocrx_word' id='word_1_4' title='bbox 1482 180 1558 227; x_wconf 68' lang='lat'><strong>55</strong></span> 
     </span>
    </p>
   </div>
   <div class='ocr_carea' id='block_1_2' title="bbox 183 300 1555 2634">
    <p class='ocr_par' dir='ltr' id='par_1_2' title="bbox 183 300 1545 496">
     <span class='ocr_line' id='line_1_2' title="bbox 184 300 1545 367; baseline 0.001 -16"><span class='ocrx_word' id='word_1_5' title='bbox 184 301 438 367; x_wconf 75' lang='lat' dir='ltr'><strong>Insignis?</strong></span> <span class='ocrx_word' id='word_1_6' title='bbox 469 300 658 353; x_wconf 83' lang='lat' dir='ltr'><strong>Nanum</strong></span> <span class='ocrx_word' id='word_1_7' title='bbox 687 304 918 367; x_wconf 80' lang='lat' dir='ltr'><strong>cujusdam</strong></span> <span class='ocrx_word' id='word_1_8' title='bbox 944 304 1136 353; x_wconf 76' lang='lat' dir='ltr'><strong>Atlanta</strong></span> <span class='ocrx_word' id='word_1_9' title='bbox 1157 320 1402 356; x_wconf 80' lang='lat' dir='ltr'><strong>vocamus=</strong></span> <span class='ocrx_word' id='word_1_10' title='bbox 1477 310 1545 353; x_wconf 75' lang='lat'><strong>32</strong></span> 
     </span>
     <span class='ocr_line' id='line_1_3' title="bbox 183 368 1504 433; baseline 0.002 -17"><span class='ocrx_word' id='word_1_11' title='bbox 183 369 462 431; x_wconf 85' lang='lat' dir='ltr'><strong>AEthiopem</strong></span> <span class='ocrx_word' id='word_1_12' title='bbox 487 368 697 430; x_wconf 87' lang='lat' dir='ltr'>Cycnum</span> <span class='ocrx_word' id='word_1_13' title='bbox 719 388 731 415; x_wconf 76' lang='grc' dir='ltr'><strong>ε</strong></span> <span class='ocrx_word' id='word_1_14' title='bbox 769 385 952 431; x_wconf 82' lang='lat' dir='ltr'><strong>pravam</strong></span> <span class='ocrx_word' id='word_1_15' title='bbox 976 376 1289 432; x_wconf 71' lang='lat' dir='ltr'><strong>extortamque</strong></span> <span class='ocrx_word' id='word_1_16' title='bbox 1308 372 1504 433; x_wconf 80' lang='lat' dir='ltr'><strong>puellam</strong></span> 
     </span>
     <span class='ocr_line' id='line_1_4' title="bbox 187 433 1282 496; baseline 0.001 -14"><span class='ocrx_word' id='word_1_17' title='bbox 187 433 446 496; x_wconf 81' lang='lat' dir='ltr'>Europen:</span> <span class='ocrx_word' id='word_1_18' title='bbox 485 434 667 481; x_wconf 82' lang='lat' dir='ltr'><strong>canibus</strong></span> <span class='ocrx_word' id='word_1_19' title='bbox 686 435 828 496; x_wconf 82' lang='lat' dir='ltr'><strong>pigris</strong></span> <span class='ocrx_word' id='word_1_20' title='bbox 849 435 1083 495; x_wconf 84' lang='lat' dir='ltr'><strong>scabieque</strong></span> <span class='ocrx_word' id='word_1_21' title='bbox 1103 434 1282 483; x_wconf 65' lang='lat' dir='ltr'><strong>vetustfi</strong></span> 
     </span>
    </p>

    <p class='ocr_par' dir='ltr' id='par_1_3' title="bbox 187 496 1548 691">
     <span class='ocr_line' id='line_1_5' title="bbox 192 496 1548 555; baseline 0.001 -8"><span class='ocrx_word' id='word_1_22' title='bbox 192 496 419 553; x_wconf 76' lang='lat' dir='ltr'><strong>Levibus,</strong></span> <span class='ocrx_word' id='word_1_23' title='bbox 443 507 490 545; x_wconf 89' lang='lat' dir='ltr'><strong>et</strong></span> <span class='ocrx_word' id='word_1_24' title='bbox 513 499 643 545; x_wconf 82' lang='lat' dir='ltr'><strong>siccae</strong></span> <span class='ocrx_word' id='word_1_25' title='bbox 663 498 957 545; x_wconf 76' lang='lat' dir='ltr'><strong>lambentibus</strong></span> <span class='ocrx_word' id='word_1_26' title='bbox 978 514 1059 546; x_wconf 88' lang='lat' dir='ltr'><strong>ora</strong></span> <span class='ocrx_word' id='word_1_27' title='bbox 1078 500 1288 555; x_wconf 83' lang='lat' dir='ltr'><strong>lucernae,</strong></span> <span class='ocrx_word' id='word_1_28' title='bbox 1481 504 1548 548; x_wconf 80' lang='lat'><strong>35</strong></span> 
     </span>
     <span class='ocr_line' id='line_1_6' title="bbox 187 562 1499 625; baseline 0.001 -15"><span class='ocrx_word' id='word_1_29' title='bbox 187 562 388 610; x_wconf 84' lang='lat' dir='ltr'><strong>Nomen</strong></span> <span class='ocrx_word' id='word_1_30' title='bbox 409 564 494 610; x_wconf 90' lang='lat' dir='ltr'><strong>erit</strong></span> <span class='ocrx_word' id='word_1_31' title='bbox 516 562 704 617; x_wconf 80' lang='lat' dir='ltr'><strong>Pardus,</strong></span> <span class='ocrx_word' id='word_1_32' title='bbox 728 563 898 625; x_wconf 84' lang='lat' dir='ltr'><strong>Tigris,</strong></span> <span class='ocrx_word' id='word_1_33' title='bbox 923 562 1039 617; x_wconf 93' lang='lat' dir='ltr'><strong>Leo,</strong></span> <span class='ocrx_word' id='word_1_34' title='bbox 1065 564 1101 610; x_wconf 89' lang='lat' dir='ltr'><strong>si</strong></span> <span class='ocrx_word' id='word_1_35' title='bbox 1123 564 1229 625; x_wconf 89' lang='lat' dir='ltr'><strong>quid</strong></span> <span class='ocrx_word' id='word_1_36' title='bbox 1248 565 1393 611; x_wconf 87' lang='lat' dir='ltr'><strong>adhuc</strong></span> <span class='ocrx_word' id='word_1_37' title='bbox 1412 573 1499 620; x_wconf 85' lang='lat' dir='ltr'><strong>est,</strong></span> 
     </span>
     <span class='ocr_line' id='line_1_7' title="bbox 196 627 1435 691; baseline 0.001 -16"><span class='ocrx_word' id='word_1_38' title='bbox 196 627 346 681; x_wconf 80' lang='lat' dir='ltr'><strong>Quod</strong></span> <span class='ocrx_word' id='word_1_39' title='bbox 364 627 526 675; x_wconf 85' lang='lat' dir='ltr'><strong>fremat</strong></span> <span class='ocrx_word' id='word_1_40' title='bbox 546 628 594 673; x_wconf 87' lang='lat' dir='ltr'><strong>in</strong></span> <span class='ocrx_word' id='word_1_41' title='bbox 616 628 746 675; x_wconf 90' lang='lat' dir='ltr'><strong>terris</strong></span> <span class='ocrx_word' id='word_1_42' title='bbox 765 628 1021 675; x_wconf 78' lang='lat' dir='ltr'><strong>violentius.</strong></span> <span class='ocrx_word' id='word_1_43' title='bbox 1091 627 1223 691; x_wconf 81' lang='lat' dir='ltr'><strong>Ergo</strong></span> <span class='ocrx_word' id='word_1_44' title='bbox 1244 630 1435 684; x_wconf 81' lang='lat' dir='ltr'><strong>cavebis,</strong></span> 
     </span>
    </p>

    <p class='ocr_par' dir='ltr' id='par_1_4' title="bbox 193 691 1371 747">
     <span class='ocr_line' id='line_1_8' title="bbox 193 691 1371 747; baseline -0.001 -6"><span class='ocrx_word' id='word_1_45' title='bbox 193 691 270 741; x_wconf 88' lang='lat' dir='ltr'><strong>Et</strong></span> <span class='ocrx_word' id='word_1_46' title='bbox 291 700 479 746; x_wconf 84' lang='lat' dir='ltr'><strong>metues,</strong></span> <span class='ocrx_word' id='word_1_47' title='bbox 505 708 564 739; x_wconf 88' lang='lat' dir='ltr'><strong>ne</strong></span> <span class='ocrx_word' id='word_1_48' title='bbox 583 699 635 739; x_wconf 86' lang='lat' dir='ltr'><strong>tu</strong></span> <span class='ocrx_word' id='word_1_49' title='bbox 657 694 718 738; x_wconf 89' lang='lat' dir='ltr'><strong>sis</strong></span> <span class='ocrx_word' id='word_1_50' title='bbox 743 691 965 747; x_wconf 81' lang='lat' dir='ltr'><strong>Creticus,</strong></span> <span class='ocrx_word' id='word_1_51' title='bbox 989 700 1069 739; x_wconf 86' lang='lat' dir='ltr'><strong>aut</strong></span> <span class='ocrx_word' id='word_1_52' title='bbox 1090 692 1371 742; x_wconf 83' lang='lat' dir='ltr'><strong>Camerinus.</strong></span> 
     </span>
    </p>

    <p class='ocr_par' dir='ltr' id='par_1_5' title="bbox 192 757 1555 1079">
     <span class='ocr_line' id='line_1_9' title="bbox 264 757 1555 820; baseline 0.001 -15"><span class='ocrx_word' id='word_1_53' title='bbox 264 757 360 805; x_wconf 86' lang='lat' dir='ltr'><strong>His</strong></span> <span class='ocrx_word' id='word_1_54' title='bbox 381 773 469 820; x_wconf 85' lang='lat' dir='ltr'><strong>ego</strong></span> <span class='ocrx_word' id='word_1_55' title='bbox 491 772 626 818; x_wconf 89' lang='lat' dir='ltr'><strong>quem</strong></span> <span class='ocrx_word' id='word_1_56' title='bbox 647 757 835 804; x_wconf 79' lang='lat' dir='ltr'><strong>monui?</strong></span> <span class='ocrx_word' id='word_1_57' title='bbox 867 764 1020 804; x_wconf 85' lang='lat' dir='ltr'><strong>tecum</strong></span> <span class='ocrx_word' id='word_1_58' title='bbox 1041 765 1110 805; x_wconf 85' lang='lat' dir='ltr'><strong>est</strong></span> <span class='ocrx_word' id='word_1_59' title='bbox 1130 759 1239 805; x_wconf 85' lang='lat' dir='ltr'><strong>mihi</strong></span> <span class='ocrx_word' id='word_1_60' title='bbox 1261 774 1423 813; x_wconf 88' lang='lat' dir='ltr'><strong>sermo,</strong></span> <span class='ocrx_word' id='word_1_61' title='bbox 1448 758 1555 806; x_wconf 69' lang='lat' dir='ltr'><strong>Ru-</strong></span> 
     </span>
     <span class='ocr_line' id='line_1_10' title="bbox 192 884 1516 949; baseline 0.001 -14"><span class='ocrx_word' id='word_1_62' title='bbox 192 884 391 935; x_wconf 71' lang='lat' dir='ltr'><strong>Blande.</strong></span> <span class='ocrx_word' id='word_1_63' title='bbox 427 885 602 933; x_wconf 89' lang='lat' dir='ltr'><strong>Tumes</strong></span> <span class='ocrx_word' id='word_1_64' title='bbox 621 887 714 934; x_wconf 85' lang='lat' dir='ltr'><strong>alto</strong></span> <span class='ocrx_word' id='word_1_65' title='bbox 735 886 997 934; x_wconf 78' lang='lat' dir='ltr'><strong>Drusorum</strong></span> <span class='ocrx_word' id='word_1_66' title='bbox 1020 894 1267 942; x_wconf 85' lang='lat' dir='ltr'><strong>stemmate,</strong></span> <span class='ocrx_word' id='word_1_67' title='bbox 1290 893 1516 949; x_wconf 87' lang='lat' dir='ltr'><strong>tamquam</strong></span> 
     </span>
     <span class='ocr_line' id='line_1_11' title="bbox 196 951 1543 1014; baseline 0 -15"><span class='ocrx_word' id='word_1_68' title='bbox 196 951 388 999; x_wconf 83' lang='lat' dir='ltr'><strong>Feceris</strong></span> <span class='ocrx_word' id='word_1_69' title='bbox 407 951 504 1013; x_wconf 85' lang='lat' dir='ltr'><strong>ipse</strong></span> <span class='ocrx_word' id='word_1_70' title='bbox 523 952 701 1012; x_wconf 83' lang='lat' dir='ltr'><strong>aliquid,</strong></span> <span class='ocrx_word' id='word_1_71' title='bbox 725 959 908 1014; x_wconf 87' lang='lat' dir='ltr'><strong>propter</strong></span> <span class='ocrx_word' id='word_1_72' title='bbox 927 953 1048 1013; x_wconf 89' lang='lat' dir='ltr'><strong>quod</strong></span> <span class='ocrx_word' id='word_1_73' title='bbox 1070 953 1229 999; x_wconf 88' lang='lat' dir='ltr'><strong>nobilis</strong></span> <span class='ocrx_word' id='word_1_74' title='bbox 1249 968 1385 1007; x_wconf 77' lang='lat' dir='ltr'><strong>esses,</strong></span> <span class='ocrx_word' id='word_1_75' title='bbox 1484 956 1543 999; x_wconf 83' lang='lat'><strong>41</strong></span> 
     </span>
     <span class='ocr_line' id='line_1_12' title="bbox 200 1016 1307 1079; baseline 0.001 -16"><span class='ocrx_word' id='word_1_76' title='bbox 200 1016 280 1063; x_wconf 82' lang='lat' dir='ltr'><strong>Ut</strong></span> <span class='ocrx_word' id='word_1_77' title='bbox 300 1024 347 1063; x_wconf 89' lang='lat' dir='ltr'><strong>te</strong></span> <span class='ocrx_word' id='word_1_78' title='bbox 367 1016 634 1077; x_wconf 85' lang='lat' dir='ltr'><strong>conciperet,</strong></span> <span class='ocrx_word' id='word_1_79' title='bbox 659 1032 760 1077; x_wconf 84' lang='lat' dir='ltr'><strong>quae</strong></span> <span class='ocrx_word' id='word_1_80' title='bbox 783 1018 1003 1079; x_wconf 84' lang='lat' dir='ltr'><strong>sanguine</strong></span> <span class='ocrx_word' id='word_1_81' title='bbox 1019 1016 1167 1079; x_wconf 86' lang='lat' dir='ltr'><strong>fulget</strong></span> <span class='ocrx_word' id='word_1_82' title='bbox 1188 1016 1307 1074; x_wconf 86' lang='lat' dir='ltr'><strong>Iu1i;</strong></span> 
     </span>
    </p>

    <p class='ocr_par' dir='ltr' id='par_1_6' title="bbox 197 1080 1334 1144">
     <span class='ocr_line' id='line_1_13' title="bbox 197 1080 1334 1144; baseline -0.001 -16"><span class='ocrx_word' id='word_1_83' title='bbox 197 1080 317 1129; x_wconf 81' lang='lat' dir='ltr'><strong>Non</strong></span> <span class='ocrx_word' id='word_1_84' title='bbox 340 1096 442 1143; x_wconf 86' lang='lat' dir='ltr'><strong>quae</strong></span> <span class='ocrx_word' id='word_1_85' title='bbox 463 1088 653 1128; x_wconf 81' lang='lat' dir='ltr'><strong>ventoso</strong></span> <span class='ocrx_word' id='word_1_86' title='bbox 673 1081 895 1129; x_wconf 73' lang='lat' dir='ltr'><strong>conducta</strong></span> <span class='ocrx_word' id='word_1_87' title='bbox 915 1083 1000 1129; x_wconf 91' lang='lat' dir='ltr'><strong>sub</strong></span> <span class='ocrx_word' id='word_1_88' title='bbox 1018 1098 1187 1144; x_wconf 78' lang='lat' dir='ltr'><strong>aggere</strong></span> <span class='ocrx_word' id='word_1_89' title='bbox 1208 1082 1334 1128; x_wconf 84' lang='lat' dir='ltr'><strong>texit.</strong></span> 
     </span>
    </p>

    <p class='ocr_par' dir='ltr' id='par_1_7' title="bbox 198 1144 1551 1533">
     <span class='ocr_line' id='line_1_14' title="bbox 198 1144 1347 1209; baseline 0.002 -18"><span class='ocrx_word' id='word_1_90' title='bbox 198 1144 306 1192; x_wconf 84' lang='lat' dir='ltr'><strong>Vos</strong></span> <span class='ocrx_word' id='word_1_91' title='bbox 327 1146 532 1199; x_wconf 77' lang='lat' dir='ltr'><strong>humiles,</strong></span> <span class='ocrx_word' id='word_1_92' title='bbox 555 1146 717 1207; x_wconf 78' lang='lat' dir='ltr'><strong>inquis,</strong></span> <span class='ocrx_word' id='word_1_93' title='bbox 741 1147 869 1209; x_wconf 81' lang='lat' dir='ltr'><strong>vulgi</strong></span> <span class='ocrx_word' id='word_1_94' title='bbox 888 1162 992 1208; x_wconf 78' lang='lat' dir='ltr'><strong>pars</strong></span> <span class='ocrx_word' id='word_1_95' title='bbox 1012 1148 1169 1193; x_wconf 88' lang='lat' dir='ltr'><strong>ultima</strong></span> <span class='ocrx_word' id='word_1_96' title='bbox 1190 1148 1347 1201; x_wconf 83' lang='lat' dir='ltr'><strong>nostri,</strong></span> 
     </span>
     <span class='ocr_line' id='line_1_15' title="bbox 199 1210 1551 1274; baseline 0.001 -17"><span class='ocrx_word' id='word_1_97' title='bbox 199 1210 417 1265; x_wconf 81' lang='lat' dir='ltr'><strong>Quorum</strong></span> <span class='ocrx_word' id='word_1_98' title='bbox 439 1226 574 1257; x_wconf 89' lang='lat' dir='ltr'><strong>nemo</strong></span> <span class='ocrx_word' id='word_1_99' title='bbox 595 1218 727 1272; x_wconf 76' lang='lat' dir='ltr'><strong>queat</strong></span> <span class='ocrx_word' id='word_1_100' title='bbox 747 1212 934 1274; x_wconf 83' lang='lat' dir='ltr'><strong>patriam</strong></span> <span class='ocrx_word' id='word_1_101' title='bbox 955 1219 1205 1258; x_wconf 80' lang='lat' dir='ltr'><strong>monstrare</strong></span> <span class='ocrx_word' id='word_1_102' title='bbox 1224 1212 1447 1273; x_wconf 71' lang='lat' dir='ltr'><strong>parentine</strong></span> <span class='ocrx_word' id='word_1_103' title='bbox 1484 1213 1551 1259; x_wconf 83' lang='lat'><strong>45</strong></span> 
     </span>
     <span class='ocr_line' id='line_1_16' title="bbox 200 1273 1375 1338; baseline -0.002 -14"><span class='ocrx_word' id='word_1_104' title='bbox 200 1276 298 1324; x_wconf 88' lang='lat' dir='ltr'><strong>Ast</strong></span> <span class='ocrx_word' id='word_1_105' title='bbox 319 1291 408 1338; x_wconf 85' lang='lat' dir='ltr'><strong>ego</strong></span> <span class='ocrx_word' id='word_1_106' title='bbox 431 1273 717 1337; x_wconf 82' lang='lat' dir='ltr'><strong>Cecropides.</strong></span> <span class='ocrx_word' id='word_1_107' title='bbox 786 1274 945 1329; x_wconf 73' lang='lat' dir='ltr'><strong>Vivus,</strong></span> <span class='ocrx_word' id='word_1_108' title='bbox 970 1283 1017 1323; x_wconf 92' lang='lat' dir='ltr'><strong>et</strong></span> <span class='ocrx_word' id='word_1_109' title='bbox 1038 1276 1223 1337; x_wconf 86' lang='lat' dir='ltr'><strong>originis</strong></span> <span class='ocrx_word' id='word_1_110' title='bbox 1244 1277 1375 1338; x_wconf 88' lang='lat' dir='ltr'><strong>hujus</strong></span> 
     </span>
     <span class='ocr_line' id='line_1_17' title="bbox 201 1338 1400 1403; baseline -0.001 -15"><span class='ocrx_word' id='word_1_111' title='bbox 201 1340 387 1389; x_wconf 83' lang='lat' dir='ltr'><strong>Gaudia</strong></span> <span class='ocrx_word' id='word_1_112' title='bbox 404 1341 544 1403; x_wconf 85' lang='lat' dir='ltr'><strong>longa</strong></span> <span class='ocrx_word' id='word_1_113' title='bbox 562 1340 705 1387; x_wconf 81' lang='lat' dir='ltr'><strong>feras:</strong></span> <span class='ocrx_word' id='word_1_114' title='bbox 744 1348 894 1387; x_wconf 75' lang='lat' dir='ltr'><strong>tamen</strong></span> <span class='ocrx_word' id='word_1_115' title='bbox 916 1338 1007 1387; x_wconf 61' lang='lat' dir='ltr'><strong>imai</strong></span> <span class='ocrx_word' id='word_1_116' title='bbox 1027 1342 1153 1402; x_wconf 86' lang='lat' dir='ltr'><strong>plebe</strong></span> <span class='ocrx_word' id='word_1_117' title='bbox 1176 1340 1400 1395; x_wconf 83' lang='lat' dir='ltr'><strong>Quiritem</strong></span> 
     </span>
     <span class='ocr_line' id='line_1_18' title="bbox 199 1404 1399 1456; baseline -0.002 -1"><span class='ocrx_word' id='word_1_118' title='bbox 199 1404 470 1456; x_wconf 84' lang='lat' dir='ltr'><strong>Facundum</strong></span> <span class='ocrx_word' id='word_1_119' title='bbox 492 1406 720 1452; x_wconf 75' lang='lat' dir='ltr'><strong>invenies:</strong></span> <span class='ocrx_word' id='word_1_120' title='bbox 759 1406 872 1453; x_wconf 88' lang='lat' dir='ltr'><strong>solet</strong></span> <span class='ocrx_word' id='word_1_121' title='bbox 895 1406 967 1452; x_wconf 86' lang='lat' dir='ltr'><strong>hic</strong></span> <span class='ocrx_word' id='word_1_122' title='bbox 988 1405 1225 1453; x_wconf 81' lang='lat' dir='ltr'><strong>defendere</strong></span> <span class='ocrx_word' id='word_1_123' title='bbox 1244 1420 1399 1453; x_wconf 86' lang='lat' dir='ltr'><strong>causas</strong></span> 
     </span>
     <span class='ocr_line' id='line_1_19' title="bbox 198 1470 1249 1533; baseline -0.004 -13"><span class='ocrx_word' id='word_1_124' title='bbox 198 1471 384 1520; x_wconf 86' lang='lat' dir='ltr'><strong>Nobilis</strong></span> <span class='ocrx_word' id='word_1_125' title='bbox 403 1471 598 1518; x_wconf 86' lang='lat' dir='ltr'><strong>indocti:</strong></span> <span class='ocrx_word' id='word_1_126' title='bbox 636 1472 799 1524; x_wconf 80' lang='lat' dir='ltr'><strong>veniet,</strong></span> <span class='ocrx_word' id='word_1_127' title='bbox 825 1472 882 1518; x_wconf 89' lang='lat' dir='ltr'><strong>de</strong></span> <span class='ocrx_word' id='word_1_128' title='bbox 900 1471 1027 1533; x_wconf 83' lang='lat' dir='ltr'><strong>plebe</strong></span> <span class='ocrx_word' id='word_1_129' title='bbox 1048 1470 1217 1533; x_wconf 58' lang='lat' dir='ltr'><strong>togata,</strong></span> <span class='ocrx_word' id='word_1_130' title='bbox 1246 1503 1249 1506; x_wconf 26' lang='grc' dir='ltr'><strong><em>ι</em></strong></span> 
     </span>
    </p>

    <p class='ocr_par' dir='ltr' id='par_1_8' title="bbox 204 1531 1553 1725">
     <span class='ocr_line' id='line_1_20' title="bbox 206 1531 1553 1599; baseline 0.001 -18"><span class='ocrx_word' id='word_1_131' title='bbox 206 1535 304 1590; x_wconf 79' lang='lat' dir='ltr'><strong>Qui</strong></span> <span class='ocrx_word' id='word_1_132' title='bbox 315 1536 434 1599; x_wconf 85' lang='lat' dir='ltr'><strong>juris</strong></span> <span class='ocrx_word' id='word_1_133' title='bbox 454 1536 597 1582; x_wconf 89' lang='lat' dir='ltr'><strong>nodos</strong></span> <span class='ocrx_word' id='word_1_134' title='bbox 619 1542 665 1582; x_wconf 86' lang='lat' dir='ltr'><strong>et</strong></span> <span class='ocrx_word' id='word_1_135' title='bbox 685 1537 836 1597; x_wconf 85' lang='lat' dir='ltr'><strong>legum</strong></span> <span class='ocrx_word' id='word_1_136' title='bbox 862 1536 1105 1598; x_wconf 73' lang='lat' dir='ltr'><strong>aenigmata</strong></span> <span class='ocrx_word' id='word_1_137' title='bbox 1126 1536 1287 1582; x_wconf 85' lang='lat' dir='ltr'><strong>solvat.</strong></span> <span class='ocrx_word' id='word_1_138' title='bbox 1330 1531 1344 1552; x_wconf 82' lang='lat'>⁸</span> <span class='ocrx_word' id='word_1_139' title='bbox 1483 1538 1553 1582; x_wconf 82' lang='lat'><strong>50</strong></span> 
     </span>
     <span class='ocr_line' id='line_1_21' title="bbox 204 1599 1381 1663; baseline -0.001 -16"><span class='ocrx_word' id='word_1_140' title='bbox 204 1601 304 1648; x_wconf 88' lang='lat' dir='ltr'><strong>Hic</strong></span> <span class='ocrx_word' id='word_1_141' title='bbox 324 1601 438 1662; x_wconf 87' lang='lat' dir='ltr'><strong>petit</strong></span> <span class='ocrx_word' id='word_1_142' title='bbox 457 1600 720 1662; x_wconf 79' lang='lat' dir='ltr'><strong>Euphraten</strong></span> <span class='ocrx_word' id='word_1_143' title='bbox 734 1601 930 1663; x_wconf 74' lang='lat' dir='ltr'><strong>Juvems,</strong></span> <span class='ocrx_word' id='word_1_144' title='bbox 956 1600 1199 1660; x_wconf 83' lang='lat' dir='ltr'><strong>domitique</strong></span> <span class='ocrx_word' id='word_1_145' title='bbox 1220 1599 1381 1647; x_wconf 81' lang='lat' dir='ltr'><strong>Batavi</strong></span> 
     </span>
     <span class='ocr_line' id='line_1_22' title="bbox 207 1664 1247 1725; baseline -0.004 -11"><span class='ocrx_word' id='word_1_146' title='bbox 207 1664 436 1714; x_wconf 82' lang='lat' dir='ltr'><strong>Custodes</strong></span> <span class='ocrx_word' id='word_1_147' title='bbox 457 1665 638 1725; x_wconf 85' lang='lat' dir='ltr'><strong>aquilas,</strong></span> <span class='ocrx_word' id='word_1_148' title='bbox 663 1665 798 1711; x_wconf 85' lang='lat' dir='ltr'><strong>armis</strong></span> <span class='ocrx_word' id='word_1_149' title='bbox 818 1665 1090 1712; x_wconf 85' lang='lat' dir='ltr'><strong>industrius:</strong></span> <span class='ocrx_word' id='word_1_150' title='bbox 1128 1673 1175 1712; x_wconf 84' lang='lat' dir='ltr'><strong>at</strong></span> <span class='ocrx_word' id='word_1_151' title='bbox 1196 1672 1247 1711; x_wconf 90' lang='lat' dir='ltr'><strong>tu</strong></span> 
     </span>
    </p>

    <p class='ocr_par' dir='ltr' id='par_1_9' title="bbox 205 1727 1499 1856">
     <span class='ocr_line' id='line_1_23' title="bbox 205 1727 1499 1791; baseline -0.002 -13"><span class='ocrx_word' id='word_1_152' title='bbox 205 1729 307 1783; x_wconf 77' lang='lat' dir='ltr'><strong>Nil,</strong></span> <span class='ocrx_word' id='word_1_153' title='bbox 332 1729 416 1776; x_wconf 85' lang='lat' dir='ltr'><strong>nisi</strong></span> <span class='ocrx_word' id='word_1_154' title='bbox 442 1727 726 1791; x_wconf 84' lang='lat' dir='ltr'><strong>Cecropides,</strong></span> <span class='ocrx_word' id='word_1_155' title='bbox 751 1737 1001 1790; x_wconf 86' lang='lat' dir='ltr'><strong>truncoque</strong></span> <span class='ocrx_word' id='word_1_156' title='bbox 1021 1731 1269 1776; x_wconf 86' lang='lat' dir='ltr'><strong>simillimus</strong></span> <span class='ocrx_word' id='word_1_157' title='bbox 1291 1728 1499 1776; x_wconf 70' lang='lat' dir='ltr'><strong>Hermae.</strong></span> 
     </span>
     <span class='ocr_line' id='line_1_24' title="bbox 207 1794 1397 1856; baseline -0.002 -14"><span class='ocrx_word' id='word_1_158' title='bbox 207 1794 355 1842; x_wconf 83' lang='lat' dir='ltr'><strong>Nullo</strong></span> <span class='ocrx_word' id='word_1_159' title='bbox 373 1795 538 1856; x_wconf 89' lang='lat' dir='ltr'><strong>quippe</strong></span> <span class='ocrx_word' id='word_1_160' title='bbox 559 1794 646 1840; x_wconf 84' lang='lat' dir='ltr'><strong>alio</strong></span> <span class='ocrx_word' id='word_1_161' title='bbox 668 1795 808 1841; x_wconf 85' lang='lat' dir='ltr'><strong>vincis</strong></span> <span class='ocrx_word' id='word_1_162' title='bbox 829 1794 1097 1846; x_wconf 86' lang='lat' dir='ltr'><strong>discrimine,</strong></span> <span class='ocrx_word' id='word_1_163' title='bbox 1121 1809 1253 1854; x_wconf 87' lang='lat' dir='ltr'><strong>quam</strong></span> <span class='ocrx_word' id='word_1_164' title='bbox 1276 1795 1397 1855; x_wconf 90' lang='lat' dir='ltr'><strong>quod</strong></span> 
     </span>
    </p>

    <p class='ocr_par' dir='ltr' id='par_1_10' title="bbox 207 1857 1553 1986">
     <span class='ocr_line' id='line_1_25' title="bbox 207 1857 1553 1920; baseline 0 -14"><span class='ocrx_word' id='word_1_165' title='bbox 207 1857 288 1906; x_wconf 86' lang='lat' dir='ltr'><strong>Illi</strong></span> <span class='ocrx_word' id='word_1_166' title='bbox 308 1874 607 1906; x_wconf 82' lang='lat' dir='ltr'><strong>marmoreum</strong></span> <span class='ocrx_word' id='word_1_167' title='bbox 629 1867 762 1920; x_wconf 77' lang='lat' dir='ltr'><strong>caput</strong></span> <span class='ocrx_word' id='word_1_168' title='bbox 783 1866 866 1913; x_wconf 86' lang='lat' dir='ltr'><strong>est,</strong></span> <span class='ocrx_word' id='word_1_169' title='bbox 889 1866 969 1905; x_wconf 88' lang='lat' dir='ltr'><strong>tua</strong></span> <span class='ocrx_word' id='word_1_170' title='bbox 989 1859 1102 1905; x_wconf 87' lang='lat' dir='ltr'><strong>vivit</strong></span> <span class='ocrx_word' id='word_1_171' title='bbox 1121 1859 1287 1920; x_wconf 79' lang='lat' dir='ltr'><strong>imago.</strong></span> <span class='ocrx_word' id='word_1_172' title='bbox 1486 1860 1553 1906; x_wconf 74' lang='lat'><strong>55</strong></span> 
     </span>
     <span class='ocr_line' id='line_1_26' title="bbox 208 1923 1313 1986; baseline -0.002 -16"><span class='ocrx_word' id='word_1_173' title='bbox 208 1924 306 1972; x_wconf 88' lang='lat' dir='ltr'><strong>Dic</strong></span> <span class='ocrx_word' id='word_1_174' title='bbox 327 1924 450 1978; x_wconf 85' lang='lat' dir='ltr'><strong>mihi,</strong></span> <span class='ocrx_word' id='word_1_175' title='bbox 474 1923 754 1970; x_wconf 85' lang='lat' dir='ltr'><strong>Teucrorum</strong></span> <span class='ocrx_word' id='word_1_176' title='bbox 775 1923 940 1986; x_wconf 87' lang='lat' dir='ltr'><strong>proles,</strong></span> <span class='ocrx_word' id='word_1_177' title='bbox 964 1923 1169 1970; x_wconf 84' lang='lat' dir='ltr'><strong>animalia</strong></span> <span class='ocrx_word' id='word_1_178' title='bbox 1187 1931 1313 1969; x_wconf 88' lang='lat' dir='ltr'><strong>muta</strong></span> 
     </span>
    </p>

    <p class='ocr_par' dir='ltr' id='par_1_11' title="bbox 209 1987 1471 2114">
     <span class='ocr_line' id='line_1_27' title="bbox 211 1987 1471 2050; baseline -0.001 -15"><span class='ocrx_word' id='word_1_179' title='bbox 211 1988 332 2043; x_wconf 76' lang='lat' dir='ltr'><strong>Quis</strong></span> <span class='ocrx_word' id='word_1_180' title='bbox 352 2003 574 2050; x_wconf 85' lang='lat' dir='ltr'><strong>generosa</strong></span> <span class='ocrx_word' id='word_1_181' title='bbox 591 1995 730 2050; x_wconf 84' lang='lat' dir='ltr'><strong>putet,</strong></span> <span class='ocrx_word' id='word_1_182' title='bbox 755 1988 840 2034; x_wconf 84' lang='lat' dir='ltr'><strong>nisi</strong></span> <span class='ocrx_word' id='word_1_183' title='bbox 859 1987 1027 2034; x_wconf 82' lang='lat' dir='ltr'><strong>fortia?</strong></span> <span class='ocrx_word' id='word_1_184' title='bbox 1060 2001 1221 2048; x_wconf 85' lang='lat' dir='ltr'><strong>nempe</strong></span> <span class='ocrx_word' id='word_1_185' title='bbox 1241 1987 1471 2034; x_wconf 80' lang='lat' dir='ltr'><strong>volucrem</strong></span> 
     </span>
     <span class='ocr_line' id='line_1_28' title="bbox 209 2050 1345 2114; baseline -0.002 -12"><span class='ocrx_word' id='word_1_186' title='bbox 209 2054 288 2104; x_wconf 84' lang='lat' dir='ltr'><strong>sic</strong></span> <span class='ocrx_word' id='word_1_187' title='bbox 306 2053 540 2100; x_wconf 79' lang='lat' dir='ltr'><strong>laudamus</strong></span> <span class='ocrx_word' id='word_1_188' title='bbox 561 2069 738 2114; x_wconf 90' lang='lat' dir='ltr'><strong>equum,</strong></span> <span class='ocrx_word' id='word_1_189' title='bbox 754 2053 876 2100; x_wconf 84' lang='lat' dir='ltr'><strong>facili</strong></span> <span class='ocrx_word' id='word_1_190' title='bbox 894 2053 969 2098; x_wconf 86' lang='lat' dir='ltr'><strong>cui</strong></span> <span class='ocrx_word' id='word_1_191' title='bbox 989 2052 1179 2113; x_wconf 85' lang='lat' dir='ltr'><strong>plurima</strong></span> <span class='ocrx_word' id='word_1_192' title='bbox 1197 2050 1345 2113; x_wconf 55' lang='lat' dir='ltr'><strong>palm&amp;</strong></span> 
     </span>
    </p>

    <p class='ocr_par' dir='ltr' id='par_1_12' title="bbox 207 2115 1211 2174">
     <span class='ocr_line' id='line_1_29' title="bbox 207 2115 1211 2174; baseline -0.002 -8"><span class='ocrx_word' id='word_1_193' title='bbox 207 2117 394 2174; x_wconf 74' lang='lat' dir='ltr'><strong>Fervet,</strong></span> <span class='ocrx_word' id='word_1_194' title='bbox 416 2125 462 2166; x_wconf 89' lang='lat' dir='ltr'><strong>et</strong></span> <span class='ocrx_word' id='word_1_195' title='bbox 483 2119 676 2166; x_wconf 76' lang='lat' dir='ltr'><strong>exsultat</strong></span> <span class='ocrx_word' id='word_1_196' title='bbox 697 2133 830 2164; x_wconf 84' lang='lat' dir='ltr'><strong>rauco</strong></span> <span class='ocrx_word' id='word_1_197' title='bbox 851 2118 1040 2164; x_wconf 83' lang='lat' dir='ltr'><strong>victoria</strong></span> <span class='ocrx_word' id='word_1_198' title='bbox 1062 2115 1211 2164; x_wconf 84' lang='lat' dir='ltr'><strong>Circo·</strong></span> 
     </span>
    </p>

    <p class='ocr_par' dir='ltr' id='par_1_13' title="bbox 205 2182 1553 2374">
     <span class='ocr_line' id='line_1_30' title="bbox 205 2182 1553 2246; baseline -0.001 -16"><span class='ocrx_word' id='word_1_199' title='bbox 205 2182 387 2246; x_wconf 63' lang='lat' dir='ltr'><strong>Nobilis</strong></span> <span class='ocrx_word' id='word_1_200' title='bbox 408 2184 496 2238; x_wconf 88' lang='lat' dir='ltr'><strong>bic,</strong></span> <span class='ocrx_word' id='word_1_201' title='bbox 520 2197 804 2243; x_wconf 88' lang='lat' dir='ltr'><strong>quocumque</strong></span> <span class='ocrx_word' id='word_1_202' title='bbox 822 2182 949 2230; x_wconf 83' lang='lat' dir='ltr'><strong>venit</strong></span> <span class='ocrx_word' id='word_1_203' title='bbox 969 2182 1025 2228; x_wconf 87' lang='lat' dir='ltr'><strong>de</strong></span> <span class='ocrx_word' id='word_1_204' title='bbox 1044 2182 1263 2244; x_wconf 83' lang='lat' dir='ltr'><strong>gramine,</strong></span> <span class='ocrx_word' id='word_1_205' title='bbox 1284 2183 1413 2244; x_wconf 74' lang='lat' dir='ltr'><strong>quus</strong></span> <span class='ocrx_word' id='word_1_206' title='bbox 1484 2185 1553 2229; x_wconf 87' lang='grc'><strong>60</strong></span> 
     </span>
     <span class='ocr_line' id='line_1_31' title="bbox 207 2245 1465 2311; baseline -0.004 -13"><span class='ocrx_word' id='word_1_207' title='bbox 207 2247 347 2298; x_wconf 74' lang='lat' dir='ltr'><strong>clara</strong></span> <span class='ocrx_word' id='word_1_208' title='bbox 363 2247 476 2311; x_wconf 81' lang='lat' dir='ltr'><strong>fuga</strong></span> <span class='ocrx_word' id='word_1_209' title='bbox 495 2255 600 2294; x_wconf 84' lang='lat' dir='ltr'><strong>ante</strong></span> <span class='ocrx_word' id='word_1_210' title='bbox 619 2247 743 2300; x_wconf 86' lang='lat' dir='ltr'><strong>alios,</strong></span> <span class='ocrx_word' id='word_1_211' title='bbox 767 2254 813 2294; x_wconf 89' lang='lat' dir='ltr'><strong>et</strong></span> <span class='ocrx_word' id='word_1_212' title='bbox 832 2247 1005 2310; x_wconf 88' lang='lat' dir='ltr'><strong>primus</strong></span> <span class='ocrx_word' id='word_1_213' title='bbox 1023 2246 1071 2292; x_wconf 85' lang='lat' dir='ltr'><strong>in</strong></span> <span class='ocrx_word' id='word_1_214' title='bbox 1094 2261 1273 2307; x_wconf 88' lang='lat' dir='ltr'><strong>aequore</strong></span> <span class='ocrx_word' id='word_1_215' title='bbox 1293 2245 1465 2308; x_wconf 72' lang='lat' dir='ltr'><strong>pulvisz</strong></span> 
     </span>
     <span class='ocr_line' id='line_1_32' title="bbox 207 2310 1203 2374; baseline -0.004 -12"><span class='ocrx_word' id='word_1_216' title='bbox 207 2314 301 2362; x_wconf 85' lang='lat' dir='ltr'><strong>Sed</strong></span> <span class='ocrx_word' id='word_1_217' title='bbox 320 2314 480 2360; x_wconf 85' lang='lat' dir='ltr'><strong>venale</strong></span> <span class='ocrx_word' id='word_1_218' title='bbox 498 2327 636 2374; x_wconf 86' lang='lat' dir='ltr'><strong>pecus</strong></span> <span class='ocrx_word' id='word_1_219' title='bbox 659 2310 878 2374; x_wconf 80' lang='lat' dir='ltr'><strong>Corythae</strong></span> <span class='ocrx_word' id='word_1_220' title='bbox 897 2311 1134 2374; x_wconf 76' lang='lat' dir='ltr'><strong>posteritas</strong></span> <span class='ocrx_word' id='word_1_221' title='bbox 1154 2318 1203 2358; x_wconf 90' lang='lat' dir='ltr'><strong>et</strong></span> 
     </span>
    </p>

    <p class='ocr_par' dir='ltr' id='par_1_14' title="bbox 210 2375 1095 2440">
     <span class='ocr_line' id='line_1_33' title="bbox 210 2375 1095 2440; baseline -0.003 -15"><span class='ocrx_word' id='word_1_222' title='bbox 210 2379 412 2440; x_wconf 89' lang='lat' dir='ltr'><strong>Hirpini,</strong></span> <span class='ocrx_word' id='word_1_223' title='bbox 437 2378 475 2423; x_wconf 91' lang='lat' dir='ltr'><strong>si</strong></span> <span class='ocrx_word' id='word_1_224' title='bbox 496 2378 722 2438; x_wconf 82' lang='lat' dir='ltr'><strong>rarajugo</strong></span> <span class='ocrx_word' id='word_1_225' title='bbox 744 2375 949 2423; x_wconf 80' lang='lat' dir='ltr'><strong>Victoria</strong></span> <span class='ocrx_word' id='word_1_226' title='bbox 968 2375 1095 2422; x_wconf 87' lang='lat' dir='ltr'><strong>sedit.</strong></span> 
     </span>
    </p>

    <p class='ocr_par' dir='ltr' id='par_1_15' title="bbox 209 2439 1191 2505">
     <span class='ocr_line' id='line_1_34' title="bbox 209 2439 1191 2505; baseline -0.003 -16"><span class='ocrx_word' id='word_1_227' title='bbox 209 2443 296 2494; x_wconf 75' lang='lat' dir='ltr'><strong>Nil</strong></span> <span class='ocrx_word' id='word_1_228' title='bbox 316 2443 376 2489; x_wconf 92' lang='lat' dir='ltr'><strong>ibi</strong></span> <span class='ocrx_word' id='word_1_229' title='bbox 396 2443 614 2505; x_wconf 84' lang='lat' dir='ltr'><strong>majorum</strong></span> <span class='ocrx_word' id='word_1_230' title='bbox 637 2448 878 2502; x_wconf 85' lang='lat' dir='ltr'><strong>respectus,</strong></span> <span class='ocrx_word' id='word_1_231' title='bbox 902 2441 1051 2504; x_wconf 85' lang='lat' dir='ltr'><strong>gratia</strong></span> <span class='ocrx_word' id='word_1_232' title='bbox 1069 2439 1191 2486; x_wconf 84' lang='lat' dir='ltr'><strong>nulla</strong></span> 
     </span>
    </p>

    <p class='ocr_par' dir='ltr' id='par_1_16' title="bbox 211 2504 1553 2634">
     <span class='ocr_line' id='line_1_35' title="bbox 211 2504 1553 2568; baseline -0.004 -13"><span class='ocrx_word' id='word_1_233' title='bbox 211 2507 516 2556; x_wconf 84' lang='lat' dir='ltr'><strong>Umbrarum:</strong></span> <span class='ocrx_word' id='word_1_234' title='bbox 554 2506 758 2553; x_wconf 85' lang='lat' dir='ltr'><strong>dominos</strong></span> <span class='ocrx_word' id='word_1_235' title='bbox 778 2506 930 2568; x_wconf 88' lang='lat' dir='ltr'><strong>pretiis</strong></span> <span class='ocrx_word' id='word_1_236' title='bbox 952 2512 1126 2552; x_wconf 85' lang='lat' dir='ltr'><strong>mutare</strong></span> <span class='ocrx_word' id='word_1_237' title='bbox 1135 2504 1352 2566; x_wconf 67' lang='lat' dir='ltr'><strong>⁴jubentur</strong></span> <span class='ocrx_word' id='word_1_238' title='bbox 1488 2505 1553 2550; x_wconf 74' lang='lat'><strong>⁶5</strong></span> 
     </span>
     <span class='ocr_line' id='line_1_36' title="bbox 213 2567 1227 2634; baseline -0.009 -12"><span class='ocrx_word' id='word_1_239' title='bbox 213 2572 424 2634; x_wconf 78' lang='lat' dir='ltr'><strong>Exiguis,</strong></span> <span class='ocrx_word' id='word_1_240' title='bbox 449 2572 646 2632; x_wconf 86' lang='lat' dir='ltr'><strong>tritoque</strong></span> <span class='ocrx_word' id='word_1_241' title='bbox 664 2571 846 2617; x_wconf 83' lang='lat' dir='ltr'><strong>trabunt</strong></span> <span class='ocrx_word' id='word_1_242' title='bbox 865 2569 1089 2632; x_wconf 79' lang='lat' dir='ltr'><strong>epirhedia</strong></span> <span class='ocrx_word' id='word_1_243' title='bbox 1109 2567 1227 2614; x_wconf 90' lang='lat' dir='ltr'><strong>collo</strong></span> 
     </span>
    </p>
   </div>
   <div class='ocr_carea' id='block_1_3' title="bbox 219 2629 1357 2708">
    <p class='ocr_par' dir='ltr' id='par_1_17' title="bbox 219 2629 1357 2708">
     <span class='ocr_line' id='line_1_37' title="bbox 219 2629 1357 2708; baseline -0.006 -23"><span class='ocrx_word' id='word_1_244' title='bbox 219 2637 506 2708; x_wconf 73' lang='lat' dir='ltr'><strong>segnipedes,</strong></span> <span class='ocrx_word' id='word_1_245' title='bbox 529 2635 742 2700; x_wconf 84' lang='lat' dir='ltr'><strong>dignique</strong></span> <span class='ocrx_word' id='word_1_246' title='bbox 761 2635 926 2683; x_wconf 83' lang='lat' dir='ltr'><strong>molam</strong></span> <span class='ocrx_word' id='word_1_247' title='bbox 949 2649 1129 2682; x_wconf 79' lang='lat' dir='ltr'><strong>versare</strong></span> <span class='ocrx_word' id='word_1_248' title='bbox 1148 2629 1357 2695; x_wconf 83' lang='lat' dir='ltr'><strong>Nepotis.</strong></span> 
     </span>
    </p>
   </div>
  </div>
 </body>
</html>
