1859 2925
596 204 987 257 JUVENALIS
1021 210 1131 259 Su.
1160 210 1250 259 1v.
1532 216 1597 261 19
1628 282 1637 292 x

251 331 430 381 Dicere
451 329 492 376 si
511 335 657 377 tentes
677 332 854 393 aliquid,
879 334 1097 381 tacitusve
1118 336 1309 388 recedas.
1494 340 1589 385 29⁷

253 395 563 444 Tantumdem
585 404 679 441 est:
717 396 881 443 feriunt
901 398 1090 459 pariter:
1128 401 1380 447 vadimonia
1400 401 1558 449 deinde

251 460 368 508 Irati
389 458 575 505 faciunt.
645 459 849 507 Libertas
870 464 1075 523 pauperis
1097 464 1194 510 haec
1215 472 1309 511 est:

249 526 470 573 Pulsatus
493 531 636 585 rogat,
660 534 707 570 et
725 526 888 586 pugnis
910 527 1114 573 concisus
1134 528 1303 583 adorat,
1490 534 1589 577 800

252 590 331 637 Ut
351 589 482 635 liceat
501 588 652 650 paucis
675 604 776 635 cum
798 590 1003 636 dentibus
1024 592 1127 639 inde
1148 593 1324 641 reverti.

319 652 424 699 Nec
441 660 588 699 tamen
607 654 703 699 haec
715 661 887 699 tantum
905 662 1101 703 metuas:
1125 671 1243 711 nam,
1262 659 1339 719 qui
1353 659 1510 720 spoliet
1523 665 1583 713 te,

245 717 368 766 Non
389 718 542 771 deerit,
567 717 727 764 clausis
747 719 964 772 domibus,
987 732 1222 781 postquam
1246 723 1391 769 omnis
1412 724 1573 784 ubique

243 783 372 831 Fixa
391 787 608 828 catenatae
629 782 750 828 siluit
771 798 991 845 compago
1011 786 1220 831 tabernae.

241 846 486 894 Interdum
507 853 554 892 et
572 845 692 892 ferro
711 847 881 893 subitus
901 856 1129 909 grassator
1149 850 1244 911 agit
1264 866 1372 904 rem,
1481 853 1580 899 805

241 913 444 959 Armato
464 911 640 971 quoties
661 917 772 957 tutae
792 912 978 958 custode
998 920 1207 959 tenentur

239 977 318 1025 Et
340 974 552 1021 Pomtina
570 975 710 1038 palus,
735 982 780 1021 et
803 976 1047 1023 Gallinaria
1066 978 1213 1039 pinus.

239 1042 326 1089 Sic
345 1040 450 1086 inde
469 1039 556 1086 huc
577 1054 747 1093 omnes,
771 1047 997 1100 tamquam
1020 1042 1075 1087 ad
1096 1042 1275 1095 vivaria,
1300 1050 1498 1090 currunt.

239 1102 358 1159 Qua
375 1104 556 1150 fornace
575 1118 751 1165 graves,
776 1102 864 1163 quii
885 1119 977 1150 non
997 1106 1157 1151 incude
1172 1106 1381 1153 catenae?

237 1169 482 1217 Maximus
500 1169 546 1213 in
567 1169 726 1214 vinclis
745 1167 848 1215 ferri
869 1169 1043 1223 modus,
1069 1177 1118 1216 ut
1138 1171 1309 1223 timeas,
1334 1185 1392 1219 ne
1476 1176 1575 1219 810

235 1235 420 1281 Vomer
441 1232 627 1285 deficiat,
653 1248 711 1279 ne
729 1248 890 1279 marrae
911 1240 958 1279 et
980 1235 1151 1281 sarcula
1170 1235 1328 1281 desint·

234 1298 418 1347 Felices
437 1312 705 1359 proavorum
727 1305 895 1350 atavos,
918 1296 1065 1345 felicia
1084 1299 1203 1345 dicas

234 1363 430 1416 Saecula,
454 1376 556 1423 quae
576 1361 813 1421 quondam,
839 1362 919 1407 sub
940 1363 1117 1423 regibus
1138 1370 1271 1423 atque
1290 1363 1489 1417 tribunis,

231 1427 466 1476 Viderunt
487 1440 577 1473 uno
599 1432 852 1473 contentam
875 1441 1057 1474 carcere
1072 1427 1281 1474 Romam.

305 1493 395 1540 His
411 1492 517 1538 alias
532 1498 731 1552 poteram
753 1499 798 1536 et
813 1491 961 1552 plures
978 1493 1235 1538 subnectere
1252 1507 1432 1539 causas:
1466 1495 1565 1541 315

231 1557 328 1606 Sed
337 1559 546 1620 jumenta
565 1562 742 1608 vocant,
767 1562 814 1601 et
833 1556 902 1601 sol
921 1557 1130 1601 inclinat=
1170 1556 1363 1602 eundum
1386 1563 1454 1604 est
1469 1554 1501 1604 ε’

227 1623 356 1670 Nam
381 1621 488 1666 mihi
511 1617 734 1666 commota
746 1621 841 1681 jam
865 1619 1030 1665 dudum
1054 1620 1191 1666 mulio
1210 1619 1340 1682 virga

225 1685 424 1735 Annuit.
495 1683 624 1745 Ergo
645 1684 744 1730 vale
765 1684 905 1730 nostri
925 1699 1111 1737 memor,
1135 1692 1181 1731 et
1202 1685 1374 1744 quoties
1395 1691 1443 1732 te

223 1752 383 1800 Roma
403 1757 484 1795 tuo
505 1747 624 1794 refici
643 1755 953 1808 properantem
976 1748 1129 1794 reddet
1151 1749 1348 1808 Aquino,

225 1815 318 1864 Me
338 1829 516 1876 quoque
535 1813 593 1859 ad
615 1811 860 1858 Helvinam
883 1809 1110 1866 Cererem,
1141 1821 1423 1874 vestramque
1442 1813 1561 1861 Dia-

369 1912 377 1920 ,
421 1893 524 1924 nam
1458 1882 1567 1924 820¹

225 1942 449 1994 convelle
469 1957 496 1988 a
518 1937 691 1988 Cumis.
762 1941 1006 1988 Satirarum
1026 1957 1129 2002 ego,
1152 1941 1199 1986 ni
1220 1941 1357 2002 pudet
1376 1942 1486 1997 illas,

224 2009 424 2072 Adjutor
443 2005 617 2070 gelidos
635 2006 812 2052 veniam
834 2006 1050 2068 caligatus
1068 2006 1117 2050 in
1137 2020 1286 2068 agros.

219 2268 356 2318 Eccx
377 2266 538 2313 iterum
562 2263 811 2326 Crispinus,
835 2273 888 2312 et‘
901 2272 973 2312 est
991 2263 1101 2310 mihi
1122 2279 1243 2326 saepe
1262 2264 1489 2311 vocandus

218 2331 298 2382 Ad
317 2339 481 2394 partes,
503 2338 754 2376 monstrum
776 2327 898 2376 nulla
917 2331 1085 2375 virtute
1103 2329 1349 2376 redemtum

222 2398 269 2447 A
289 2397 425 2448 vitiis,
451 2409 586 2456 aeger,
613 2392 794 2454 solaque
810 2393 991 2440 libidine
1010 2393 1165 2440 fortis:

221 2461 424 2510 Delicias
443 2460 593 2505 viduae
613 2464 788 2505 tantum
811 2453 1090 2522 [spernatur]
1114 2457 1297 2503 adulter.

220 2526 344 2581 Quid
363 2523 499 2572 refert
517 2524 670 2586 igitur,
695 2524 872 2583 quantis
882 2525 1090 2584 jumenta
1108 2521 1266 2582 fatiget
1515 2523 1559 2569 δ’

213 2588 502 2640 Porticibus?
534 2585 702 2649 quanta
720 2601 954 2633 nemorum
974 2592 1177 2633 vectetur
1195 2585 1242 2630 in
1264 2579 1453 2631 umbra?

216 2654 391 2722 Jugera
409 2660 520 2718 quot
539 2651 688 2702 vicina
705 2651 820 2708 foro,
843 2667 955 2714 quas
975 2649 1133 2700 emerit
1154 2648 1273 2697 aedes
1286 2647 1309 2692 ἲ
