1859 2925
361 148 426 195 86
701 140 736 191 J
739 134 1087 189 UVENALIS
1120 138 1233 187 Sar.
1254 136 1345 187 VI.

424 266 722 314 Endromidas
741 264 918 327 Tyrias,
942 271 989 311 et
1007 262 1246 310 femineum
1268 276 1457 315 ceroma,
1588 264 1690 307 246

361 332 479 387 Quis
499 330 674 379 nescit?
705 331 779 378 vel
799 328 894 390 quis
916 343 1006 374 non
1028 327 1139 373 vidit
1159 328 1338 373 vulnera
1360 322 1479 390 pali?

361 392 520 451 Quem‘
535 402 662 443 cavat
683 394 866 441 assiduis
889 392 1079 444 sudibus,
1105 399 1317 450 scutoque
1335 389 1527 443 lacessit,

359 462 514 521 Atque
534 475 690 506 omnes
710 456 864 520 implet
885 470 1105 507 numeros,
1132 454 1389 517 dignissima
1408 468 1591 516 prorsus

357 522 525 572 Florali
546 532 747 571 matrona
768 520 900 578 tuba3
934 521 1018 566 nisi
1041 520 1076 566 si
1098 518 1203 579 quid
1223 520 1268 564 in
1290 518 1365 565 illo
1589 518 1691 563 250

357 589 550 637 Pectore
569 589 668 650 plus
688 588 840 649 agitat,
865 600 1073 644 veraeque
1093 590 1271 645 paratur
1292 597 1452 629 arenae.

359 650 510 707 Quem
531 660 741 714 praestare
761 656 908 712 potest
928 648 1085 695 mulier
1104 647 1277 709 galeata
1296 646 1524 708 pudorem,

358 717 480 771 Quae
498 715 616 778 fugit
637 731 663 762 a
685 730 808 769 sexu,
833 715 950 761 vires
972 711 1121 759 amat?
1162 710 1281 757 Haec
1302 720 1448 757 tamen
1472 712 1568 771 ipsa

353 780 444 827 Vir
464 781 602 827 nollet
621 779 741 826 fieri:
781 794 882 825 nam
905 777 1115 837 quantula
1136 784 1287 821 nostra
1310 774 1539 836 voluptas!

357 844 506 899 Quale
525 845 672 897 decus,
698 859 844 890 rerum
867 842 904 889 si
925 840 1128 903 conjugis
1148 840 1293 885 auctio
1315 838 1415 886 fiat!
1584 840 1683 885 255

354 908 556 962 Balteus,
580 916 627 955 et
645 907 846 961 manicae,
870 912 915 952 et
938 906 1097 957 cristae,
1122 904 1347 964 crurisque
1369 903 1532 949 sinistri

354 968 605 1020 Dimidium
627 973 849 1032 tegimen:
887 969 973 1022 vel,
1000 970 1037 1015 si
1059 969 1230 1013 diversa
1250 966 1445 1014 movebit

353 1032 536 1089 Proelia,
560 1044 609 1082 tu
628 1035 750 1089 felix,
775 1050 925 1081 ocreas
948 1032 1167 1079 vendente
1186 1030 1345 1091 puellii.

353 1099 450 1147 11ae
472 1107 588 1153 sunt,
613 1115 715 1161 quae
737 1099 857 1146 tenui
879 1098 1038 1145 sudant
1059 1098 1105 1141 in
1129 1095 1321 1155 cyclade,
1346 1110 1531 1156 quarum

353 1162 556 1211 Delicias
575 1170 621 1209 et
641 1164 900 1225 panniculus
919 1161 1209 1221 bombycinus
1232 1160 1331 1205 urit.
1584 1161 1685 1206 260

353 1227 562 1290 Adspice,
587 1243 674 1289 quo
692 1226 872 1273 fremitu
893 1232 1162 1272 monstratos
1182 1222 1372 1285 perferat
1389 1224 1520 1279 ictus,

351 1290 419 1339 Et
441 1299 607 1353 quanto
627 1291 768 1353 galeae
789 1298 998 1337 curvetur
1017 1288 1224 1350 pondere,
1250 1295 1412 1348 quanta

353 1355 600 1417 Poplitibus
623 1355 799 1412 sedeatg
833 1370 965 1415 quam
988 1354 1125 1399 denso
1146 1352 1281 1398 fascia
1299 1352 1438 1409 libro;

351 1418 419 1468 Et
440 1419 546 1474 ride,
571 1418 794 1482 scaphium
816 1418 973 1481 positis
995 1432 1095 1464 cum
1119 1414 1305 1464 sumitur
1325 1415 1471 1463 armis·

351 1481 506 1532 Dicite
527 1501 622 1537 vos,
647 1481 801 1546 nept'es
824 1477 995 1544 Lepidi,
1020 1482 1183 1529 caecive
1206 1479 1395 1534 Metelli,
1580 1482 1678 1530 265

352 1549 559 1611 Gurgitis
580 1557 656 1595 aut
678 1547 814 1602 Fabii,
839 1563 941 1609 quae
960 1546 1079 1593 ludia
1100 1545 1303 1592 sumserit
1326 1560 1519 1605 unquam

351 1606 459 1660 Hos
479 1613 650 1660 habitus
663 1611 686 1657 ⁰?
718 1611 892 1673 quando
914 1612 971 1658 ad
990 1611 1136 1673 palum
1159 1617 1309 1672 gemat
1331 1624 1444 1655 uxor
1467 1609 1633 1670 Asyli?

416 1677 600 1738 Semper
620 1677 749 1740 habet
768 1677 869 1723 lites
889 1677 1145 1735 alternaque
1156 1675 1308 1736 jurgia
1328 1675 1481 1727 lectus,

349 1740 410 1788 In
430 1756 519 1802 quo
540 1749 677 1802 nupta
689 1743 835 1802 jacet:
873 1741 1104 1786 minimum
1128 1738 1342 1786 dormitur
1361 1739 1407 1783 in
1429 1738 1519 1784 illo.

294 1849 300 1855 .
347 1805 480 1854 Τυηο
500 1805 651 1867 gravis
671 1806 745 1851 ills
766 1806 876 1858 viro,
901 1812 1009 1850 tunc
1031 1801 1137 1850 orbd
1156 1803 1316 1864 tigride
1335 1803 1472 1864 pejor,
1579 1805 1679 1850 270

349 1869 470 1920 Cum
492 1869 669 1917 simulat
688 1870 881 1932 gemitus
903 1869 1064 1915 occulti
1086 1868 1263 1914 conscia
1282 1865 1401 1921 facti,

345 1935 444 1982 Aut
465 1933 558 1980 odit
577 1950 752 1995 pueros,
777 1943 854 1981 aut
873 1930 978 1980 ficta
997 1931 1153 1994 pellice
1172 1932 1327 1993 plorat,

346 1997 570 2046 Uberibus
591 2013 763 2078 semper
781 1997 1003 2058 lacrymis,
1029 2012 1287 2057 semperque
1307 1994 1469 2057 paratis

343 2060 405 2110 In
426 2060 614 2108 statione
636 2077 727 2116 sua,
752 2069 883 2123 atque
904 2061 1259 2124 exspectantibus
1280 2060 1413 2112 illam,

347 2126 456 2180 Quo
469 2126 623 2192 jubeat
643 2141 821 2173 manare
841 2127 1001 2172 modo:
1040 2133 1089 2172 tu
1112 2125 1252 2172 credis
1274 2138 1498 2180 amorem;
1577 2125 1675 2172 27⁵

341 2190 419 2237 Tu
439 2189 516 2235 tibi
539 2197 661 2245 tunc,
686 2206 882 2244 curruca,
907 2191 1068 2252 places,
1093 2189 1334 2249 fletumque
1353 2187 1521 2234 labellis

341 2254 601 2311 Exsorbes3
633 2270 737 2315 quae
759 2256 932 2316 scripta,
958 2262 1003 2300 et
1024 2262 1132 2316 quot
1153 2249 1321 2299 lecture
1340 2252 1534 2305 tabellas,

344 2319 392 2366 Si
417 2316 492 2365 tibi
514 2318 732 2380 zelotypae
753 2325 1009 2380 retegantur
1031 2317 1189 2364 scrinia
1209 2315 1423 2363 moechae!

345 2383 437 2429 Sed
448 2381 569 2442 jacet
589 2383 633 2428 in
658 2382 773 2429 servi
794 2382 1108 2443 complexibus,
1134 2389 1211 2428 sut
1231 2380 1405 2441 equitis.
1460 2377 1570 2433 Dic,

339 2445 436 2492 Dic
457 2445 659 2504 aliquem,
687 2445 829 2500 sodes,
853 2446 924 2492 hic
950 2445 1223 2502 Quintiliane
1244 2445 1451 2491 colorem.
1572 2445 1669 2492 280

339 2508 612 2558 Haeremus:
650 2511 719 2556 die
739 2510 850 2571 ipsa.
907 2508 1030 2555 Olim
1051 2516 1333 2562 convenerat,
1357 2506 1513 2568 inquit,

339 2571 409 2622 Ut
429 2573 600 2640 faceres
621 2581 686 2632 tu,
711 2572 830 2636 quod
852 2572 989 2621 velles
1001 2589 1017 2630 3
1051 2587 1133 2621 nec
1154 2588 1245 2621 non
1266 2589 1353 2636 ego
1374 2586 1553 2636 possem
