1859 2925
316 155 383 201 ⁸6
622 146 1016 201 JUVENALIS
1049 148 1165 199 Su.
1191 146 1342 199 xm.

312 279 391 328 Tu
410 280 617 343 qumvis
634 278 803 327 levium
824 279 1058 327 minimam
1077 280 1377 343 arigunmque
1395 280 1628 331 maiorm

314 346 587 393 Pau-ticulum
608 347 687 393 vix
705 344 824 392 ferre
842 352 987 407 potes,
1011 346 1317 408 spumantibus
1337 348 1500 394 ardens

315 411 590 464 Visceribus,
616 425 790 458 sacrum
812 411 889 456 tibi
912 410 1032 471 quod
1053 425 1146 457 non
1169 411 1320 458 reddat
1341 412 1512 459 amicus
1605 414 1674 459 15

316 475 605 537 Depositum.
660 475 821 537 Stupet
841 476 954 528 baec,
979 475 1056 536 qui
1071 477 1166 537 jam
1187 482 1291 537 post
1311 483 1441 541 terga
1459 476 1650 539 reliquit

319 541 567 601 Sexaginta
587 554 743 593 annom
769 539 964 586 Fonteio
984 541 1168 586 consule
1189 540 1356 587 natus?

318 609 399 653 An
421 605 532 651 nihil
551 604 597 650 in
618 605 777 650 melius
799 611 869 651 tot
889 618 1038 651 rerum
1057 604 1237 667 proficis
1257 604 1378 652 usu?

318 670 497 731 Magna
517 668 712 729 quidem,
736 669 873 715 sacris
894 683 996 729 quae
1017 668 1092 715 dat
1113 677 1336 731 praecepta
1354 668 1514 717 libellis

319 733 503 781 Victrix
524 732 741 780 Fortunae
764 733 1004 795 Sapientia.
1059 732 1287 781 Ducimus
1307 742 1460 781 autem
1599 739 1672 783 20

318 798 427 845 Hos
448 813 627 859 quoque
644 797 811 851 felices,
834 798 913 859 qui
932 797 1051 844 ferre
1068 798 1353 845 incommoda
1373 800 1496 855 vitae,

317 862 423 910 Nec
435 866 607 926 jactare
618 864 798 925 jugum,
820 860 917 909 vita
937 860 1130 909 didicere
1151 862 1380 925 magistr&-

321 928 442 983 Quae
464 936 555 975 tam
577 927 691 974 fessa
708 928 819 981 dies,
842 935 895 973 ut
915 935 1060 974 cesset
1081 928 1268 989 prodere
1287 928 1446 983 furem,

319 992 575 1046 Perfidiam,
597 991 789 1046 fraudes,
812 999 948 1053 atque
968 993 1090 1038 omni
1111 1008 1170 1039 ex
1191 994 1378 1040 crimine
1394 994 1572 1040 lucrum

322 1058 595 1113 Quaesitum,
619 1063 667 1103 et
686 1064 837 1119 partos
858 1057 1008 1119 gladio
1029 1058 1103 1104 vel
1123 1058 1290 1119 pyxide
1309 1059 1550 1105 nummos?
1601 1062 1672 1107 25

320 1122 434 1169 Rari
456 1123 617 1184 quippe
635 1122 769 1168 boni:
806 1136 1020 1169 numerus
1041 1122 1118 1169 vix
1139 1129 1210 1169 est
1230 1124 1434 1179 totidem,
1457 1130 1570 1188 quot

320 1186 577 1234 Thebarum
600 1194 756 1248 portae,
780 1188 855 1234 vel
874 1187 1025 1233 divitis
1046 1188 1166 1235 ostia'
1182 1186 1295 1235 Nili.

321 1251 463 1299 Nona
484 1259 593 1298 aetas
613 1252 776 1313 agitur,
800 1253 1040 1314 pejoraque
1059 1254 1225 1299 soecula
1243 1252 1351 1299 ferri

320 1317 648 1378 Temporibus3
678 1326 870 1377 quorum
892 1316 1046 1363 sceleri
1067 1332 1160 1363 non
1181 1319 1354 1365 invenit
1372 1318 1469 1381 ipsa

322 1382 524 1434 Nomen,
548 1389 595 1427 et
616 1396 644 1427 a
664 1382 787 1427 nullo
808 1382 958 1443 posuit
982 1380 1157 1429 Natura
1175 1384 1372 1429 metallo.
1600 1388 1676 1431 80

323 1447 429 1496 Nos
450 1447 681 1494 hominum
703 1446 969 1508 Divssmque
987 1446 1120 1495 fidem
1143 1448 1338 1496 clamore
1357 1448 1543 1505 ciemus,

327 1514 515 1568 Quanto
537 1511 781 1564 Faesidium
799 1513 952 1560 laudat
971 1515 1140 1560 vocalis
1160 1521 1370 1576 agentem

326 1578 551 1640 Sportula.
604 1577 713 1630 Dic,
738 1577 887 1624 senior
906 1575 1027 1624 bulla
1047 1578 1323 1640 dignissime,
1346 1578 1509 1634 nescis,

328 1645 457 1699 Quas
478 1643 636 1688 habeat
656 1641 860 1689 Veneres
881 1643 1024 1690 aliena
1044 1643 1264 1705 pecunia?
1297 1644 1457 1698 nescis,

328 1709 480 1763 Quem
502 1714 579 1754 tua
600 1706 856 1768 simplicitas
877 1707 1016 1754 risum
1038 1708 1178 1770 vulgo
1199 1715 1392 1762 moveat,
1419 1723 1523 1756 cum
1607 1713 1688 1758 85

327 1773 495 1835 Exigis
514 1787 543 1819 a
561 1786 798 1832 quoquam,
822 1787 881 1819 ne
900 1774 1084 1835 pejeret,
1107 1780 1153 1820 et
1173 1780 1301 1834 putet
1321 1774 1424 1821 ullis

328 1838 449 1887 Esse
469 1837 645 1898 aliquod
665 1851 831 1884 numen
854 1837 1046 1900 templis,
1069 1853 1248 1899 araeque
1267 1838 1477 1885 rubenti?

331 1903 573 1958 Quondam
595 1902 681 1948 hoc
702 1902 926 1963 indigenae
947 1903 1158 1950 vivebant
1177 1919 1317 1958 more,
1341 1904 1465 1966 prius
1485 1919 1622 1966 quam

333 1970 542 2016 Sumeret
562 1974 799 2028 agrestem,
824 1969 972 2029 posito
993 1967 1254 2022 diademate,
1275 1968 1437 2015 falcem

330 2034 552 2080 Saturnus
570 2031 777 2092 fugiens:
816 2039 941 2086 tunc,
965 2047 1069 2078 cum
1089 2033 1358 2096 virguncula
1376 2033 1518 2090 Juno,
1607 2039 1687 2082 40

329 2098 397 2147 Et
418 2097 618 2158 privatus
636 2097 782 2144 adbuc
804 2094 943 2144 Idaeis
962 2097 1142 2160 Jupiter
1161 2099 1329 2156 antris3

329 2162 473 2210 Nulla
494 2176 625 2222 super
646 2162 785 2208 nubes
806 2163 1014 2209 convivia
1037 2161 1372 2218 coelicolarum,

330 2227 435 2274 Nec
456 2241 567 2288 puer
588 2222 768 2279 Iliacus,
792 2225 990 2274 formosa
1011 2243 1096 2274 nec
1119 2227 1333 2276 Herculis
1355 2243 1475 2277 uxor

331 2293 411 2339 Ad
432 2290 633 2351 cyathos,
658 2290 812 2351 etjam
836 2291 1004 2338 siccato
1024 2301 1204 2340 nectare
1224 2301 1408 2356 tergens

331 2356 527 2404 Brachia
547 2354 781 2401 Vulcanus
804 2352 1011 2416 Liparaea
1031 2357 1162 2418 nigra
1180 2356 1377 2404 taberna.
1609 2363 1682 2408 45

331 2419 583 2466 Prandebat
604 2419 687 2464 sibi
708 2419 895 2479 quisque
916 2419 1079 2479 Deus3
1113 2437 1198 2468 nec
1218 2424 1348 2470 turba
1368 2422 1580 2471 Deorum

328 2483 471 2538 Talis,
496 2489 548 2530 ut
567 2491 638 2529 est
657 2483 813 2540 hodie3
845 2491 1144 2546 contentaque
1165 2487 1310 2534 sidera
1328 2489 1483 2550 paucis

330 2547 606 2594 Numinibus
626 2548 839 2594 miserum
862 2549 1082 2608 urgebant
1102 2551 1293 2598 Atlanta
1313 2553 1478 2599 minori

331 2610 565 2658 Pondere:
604 2612 804 2658 nondum
827 2612 985 2672 aliquis
1007 2614 1192 2662 sortitus
1209 2617 1340 2664 triste
1359 2617 1570 2680 profiindi

332 2673 593 2738 Imperium,
618 2684 697 2726 aut
719 2673 871 2724 Sicula
888 2683 1048 2724 torvus
1069 2693 1174 2725 cum
1189 2682 1386 2744 conjuge
1403 2680 1589 2732 Pluton.
1617 2685 1694 2732 50
