<?xml version="1.0" encoding="UTF-8"?>
<!DOCTYPE html PUBLIC "-//W3C//DTD XHTML 1.0 Transitional//EN"
    "http://www.w3.org/TR/xhtml1/DTD/xhtml1-transitional.dtd">
<html xmlns="http://www.w3.org/1999/xhtml" xml:lang="en" lang="en">
 <head>
  <title>
</title>
<meta http-equiv="Content-Type" content="text/html;charset=utf-8" />
  <meta name='ocr-system' content='tesseract 3.04.00' />
  <meta name='ocr-capabilities' content='ocr_page ocr_carea ocr_par ocr_line ocrx_word'/>
</head>
<body>
  <div class='ocr_page' id='page_1' title='image "./djuniijuvenalis00arbigoog_0035.png"; bbox 0 0 1859 2925; ppageno 0'>
   <div class='ocr_carea' id='block_1_1' title="bbox 549 158 1547 213">
    <p class='ocr_par' dir='ltr' id='par_1_1' title="bbox 549 158 1547 213">
     <span class='ocr_line' id='line_1_1' title="bbox 549 158 1547 213; baseline -0.006 0"><span class='ocrx_word' id='word_1_1' title='bbox 549 161 586 213; x_wconf 84' lang='lat' dir='ltr'><strong>J</strong></span> <span class='ocrx_word' id='word_1_2' title='bbox 589 158 938 211; x_wconf 76' lang='lat' dir='ltr'>UVENALIS</span> <span class='ocrx_word' id='word_1_3' title='bbox 967 160 1085 211; x_wconf 68' lang='lat' dir='ltr'><strong>Sar.</strong></span> <span class='ocrx_word' id='word_1_4' title='bbox 1108 158 1173 209; x_wconf 86' lang='lat' dir='ltr'><strong>V.</strong></span> <span class='ocrx_word' id='word_1_5' title='bbox 1446 161 1515 207; x_wconf 73' lang='lat'><strong>25</strong></span> <span class='ocrx_word' id='word_1_6' title='bbox 1541 186 1547 195; x_wconf 88' lang='lat'><em>-</em></span> 
     </span>
    </p>
   </div>
   <div class='ocr_carea' id='block_1_2' title="bbox 171 289 1523 2716">
    <p class='ocr_par' dir='ltr' id='par_1_2' title="bbox 171 289 1523 2716">
     <span class='ocr_line' id='line_1_2' title="bbox 185 289 1256 354; baseline -0.001 -16"><span class='ocrx_word' id='word_1_7' title='bbox 185 289 376 345; x_wconf 72' lang='lat' dir='ltr'><strong>Setinis,</strong></span> <span class='ocrx_word' id='word_1_8' title='bbox 399 291 526 354; x_wconf 74' lang='lat' dir='ltr'><strong>quus</strong></span> <span class='ocrx_word' id='word_1_9' title='bbox 544 292 744 353; x_wconf 83' lang='lat' dir='ltr'><strong>patriam,</strong></span> <span class='ocrx_word' id='word_1_10' title='bbox 765 291 1031 351; x_wconf 81' lang='lat' dir='ltr'><strong>titulumque</strong></span> <span class='ocrx_word' id='word_1_11' title='bbox 1052 296 1256 337; x_wconf 73' lang='lat' dir='ltr'><strong>senectus</strong></span> 
     </span>
     <span class='ocr_line' id='line_1_3' title="bbox 183 353 1515 419; baseline -0.003 -16"><span class='ocrx_word' id='word_1_12' title='bbox 183 354 383 403; x_wconf 82' lang='lat' dir='ltr'><strong>Delevit</strong></span> <span class='ocrx_word' id='word_1_13' title='bbox 402 354 542 403; x_wconf 71' lang='lat' dir='ltr'><strong>multii</strong></span> <span class='ocrx_word' id='word_1_14' title='bbox 561 357 724 403; x_wconf 76' lang='lat' dir='ltr'><strong>veteris</strong></span> <span class='ocrx_word' id='word_1_15' title='bbox 741 355 930 419; x_wconf 76' lang='lat' dir='ltr'><strong>fuligine</strong></span> <span class='ocrx_word' id='word_1_16' title='bbox 950 363 1079 401; x_wconf 78' lang='lat' dir='ltr'><strong>testae</strong></span> <span class='ocrx_word' id='word_1_17' title='bbox 1094 373 1109 401; x_wconf 76' lang='grc' dir='ltr'>ι</span> <span class='ocrx_word' id='word_1_18' title='bbox 1450 353 1515 399; x_wconf 78' lang='grc'><strong>85</strong></span> 
     </span>
     <span class='ocr_line' id='line_1_4' title="bbox 189 418 1365 479; baseline -0.001 -13"><span class='ocrx_word' id='word_1_19' title='bbox 189 419 349 473; x_wconf 80' lang='lat' dir='ltr'><strong>Quale</strong></span> <span class='ocrx_word' id='word_1_20' title='bbox 367 422 565 467; x_wconf 88' lang='lat' dir='ltr'><strong>coronati</strong></span> <span class='ocrx_word' id='word_1_21' title='bbox 585 420 784 467; x_wconf 70' lang='lat' dir='ltr'><strong>Tinrasea</strong></span> <span class='ocrx_word' id='word_1_22' title='bbox 804 419 1131 479; x_wconf 72' lang='lat' dir='ltr'>Helvidiusque</span> <span class='ocrx_word' id='word_1_23' title='bbox 1149 418 1365 472; x_wconf 83' lang='lat' dir='ltr'><strong>bibebant.</strong></span> 
     </span>
     <span class='ocr_line' id='line_1_5' title="bbox 186 482 1293 545; baseline 0 -16"><span class='ocrx_word' id='word_1_24' title='bbox 186 482 444 530; x_wconf 80' lang='lat' dir='ltr'><strong>Brutorum</strong></span> <span class='ocrx_word' id='word_1_25' title='bbox 467 493 512 530; x_wconf 87' lang='lat' dir='ltr'><strong>et</strong></span> <span class='ocrx_word' id='word_1_26' title='bbox 535 482 668 532; x_wconf 76' lang='lat' dir='ltr'><strong>Cassi</strong></span> <span class='ocrx_word' id='word_1_27' title='bbox 687 484 916 531; x_wconf 80' lang='lat' dir='ltr'><strong>natalibus.</strong></span> <span class='ocrx_word' id='word_1_28' title='bbox 989 482 1093 545; x_wconf 77' lang='lat' dir='ltr'><strong>Ipse</strong></span> <span class='ocrx_word' id='word_1_29' title='bbox 1113 498 1293 545; x_wconf 81' lang='lat' dir='ltr'><strong>capaces</strong></span> 
     </span>
     <span class='ocr_line' id='line_1_6' title="bbox 189 546 1167 608; baseline -0.003 -13"><span class='ocrx_word' id='word_1_30' title='bbox 189 546 442 595; x_wconf 80' lang='lat' dir='ltr'><strong>Heliadum</strong></span> <span class='ocrx_word' id='word_1_31' title='bbox 465 556 646 601; x_wconf 75' lang='lat' dir='ltr'><strong>crustas,</strong></span> <span class='ocrx_word' id='word_1_32' title='bbox 671 556 718 595; x_wconf 88' lang='lat' dir='ltr'><strong>et</strong></span> <span class='ocrx_word' id='word_1_33' title='bbox 738 548 979 608; x_wconf 74' lang='lat' dir='ltr'><strong>inaequales</strong></span> <span class='ocrx_word' id='word_1_34' title='bbox 998 548 1167 608; x_wconf 86' lang='lat' dir='ltr'><strong>beryllo</strong></span> 
     </span>
     <span class='ocr_line' id='line_1_7' title="bbox 187 610 1433 674; baseline 0.001 -18"><span class='ocrx_word' id='word_1_35' title='bbox 187 610 334 657; x_wconf 86' lang='lat' dir='ltr'><strong>Virro</strong></span> <span class='ocrx_word' id='word_1_36' title='bbox 357 620 480 659; x_wconf 73' lang='lat' dir='ltr'><strong>tenet</strong></span> <span class='ocrx_word' id='word_1_37' title='bbox 499 614 689 674; x_wconf 73' lang='lat' dir='ltr'><strong>phialas:</strong></span> <span class='ocrx_word' id='word_1_38' title='bbox 727 613 803 659; x_wconf 86' lang='lat' dir='ltr'><strong>tibi</strong></span> <span class='ocrx_word' id='word_1_39' title='bbox 825 628 916 659; x_wconf 89' lang='lat' dir='ltr'><strong>non</strong></span> <span class='ocrx_word' id='word_1_40' title='bbox 938 612 1229 659; x_wconf 79' lang='lat' dir='ltr'><strong>committitur</strong></span> <span class='ocrx_word' id='word_1_41' title='bbox 1248 626 1433 668; x_wconf 79' lang='lat' dir='ltr'><strong>aurum3</strong></span> 
     </span>
     <span class='ocr_line' id='line_1_8' title="bbox 185 674 1517 736; baseline -0.002 -15"><span class='ocrx_word' id='word_1_42' title='bbox 185 674 298 729; x_wconf 90' lang='lat' dir='ltr'><strong>Vel,</strong></span> <span class='ocrx_word' id='word_1_43' title='bbox 326 677 363 721; x_wconf 74' lang='lat' dir='ltr'><strong>si</strong></span> <span class='ocrx_word' id='word_1_44' title='bbox 385 678 558 736; x_wconf 86' lang='lat' dir='ltr'><strong>quando</strong></span> <span class='ocrx_word' id='word_1_45' title='bbox 581 678 722 730; x_wconf 87' lang='lat' dir='ltr'><strong>datur,</strong></span> <span class='ocrx_word' id='word_1_46' title='bbox 745 685 896 723; x_wconf 78' lang='lat' dir='ltr'><strong>custos</strong></span> <span class='ocrx_word' id='word_1_47' title='bbox 917 677 1077 723; x_wconf 81' lang='lat' dir='ltr'><strong>affixus</strong></span> <span class='ocrx_word' id='word_1_48' title='bbox 1098 676 1270 727; x_wconf 82' lang='lat' dir='ltr'><strong>ibidem,</strong></span> <span class='ocrx_word' id='word_1_49' title='bbox 1451 677 1517 719; x_wconf 78' lang='lat'><strong>40</strong></span> 
     </span>
     <span class='ocr_line' id='line_1_9' title="bbox 189 738 1447 803; baseline 0 -18"><span class='ocrx_word' id='word_1_50' title='bbox 189 738 290 793; x_wconf 84' lang='lat' dir='ltr'><strong>Qui</strong></span> <span class='ocrx_word' id='word_1_51' title='bbox 313 749 517 788; x_wconf 84' lang='lat' dir='ltr'><strong>numeret</strong></span> <span class='ocrx_word' id='word_1_52' title='bbox 535 756 750 803; x_wconf 81' lang='lat' dir='ltr'><strong>gemmas,</strong></span> <span class='ocrx_word' id='word_1_53' title='bbox 775 756 1037 803; x_wconf 83' lang='lat' dir='ltr'><strong>unguesque</strong></span> <span class='ocrx_word' id='word_1_54' title='bbox 1057 742 1259 785; x_wconf 80' lang='lat' dir='ltr'><strong>observet</strong></span> <span class='ocrx_word' id='word_1_55' title='bbox 1279 745 1447 787; x_wconf 80' lang='lat' dir='ltr'><strong>acutos·</strong></span> 
     </span>
     <span class='ocr_line' id='line_1_10' title="bbox 187 802 1255 867; baseline -0.002 -16"><span class='ocrx_word' id='word_1_56' title='bbox 187 802 276 851; x_wconf 79' lang='lat' dir='ltr'><strong>Da</strong></span> <span class='ocrx_word' id='word_1_57' title='bbox 296 806 499 852; x_wconf 80' lang='lat' dir='ltr'><strong>veniam:</strong></span> <span class='ocrx_word' id='word_1_58' title='bbox 536 806 746 867; x_wconf 85' lang='lat' dir='ltr'><strong>praeclara</strong></span> <span class='ocrx_word' id='word_1_59' title='bbox 764 806 852 851; x_wconf 90' lang='lat' dir='ltr'><strong>illic</strong></span> <span class='ocrx_word' id='word_1_60' title='bbox 873 805 1075 851; x_wconf 84' lang='lat' dir='ltr'><strong>laudatur</strong></span> <span class='ocrx_word' id='word_1_61' title='bbox 1095 805 1255 865; x_wconf 74' lang='lat' dir='ltr'><strong>iaspis:</strong></span> 
     </span>
     <span class='ocr_line' id='line_1_11' title="bbox 187 866 1438 931; baseline -0.002 -16"><span class='ocrx_word' id='word_1_62' title='bbox 187 866 318 919; x_wconf 80' lang='lat' dir='ltr'><strong>Nam</strong></span> <span class='ocrx_word' id='word_1_63' title='bbox 342 868 493 923; x_wconf 83' lang='lat' dir='ltr'><strong>Virro,</strong></span> <span class='ocrx_word' id='word_1_64' title='bbox 519 878 569 915; x_wconf 91' lang='lat' dir='ltr'><strong>ut</strong></span> <span class='ocrx_word' id='word_1_65' title='bbox 589 871 732 923; x_wconf 87' lang='lat' dir='ltr'><strong>multi,</strong></span> <span class='ocrx_word' id='word_1_66' title='bbox 755 884 957 931; x_wconf 82' lang='lat' dir='ltr'><strong>gemmas</strong></span> <span class='ocrx_word' id='word_1_67' title='bbox 978 870 1033 915; x_wconf 83' lang='lat' dir='ltr'><strong>ad</strong></span> <span class='ocrx_word' id='word_1_68' title='bbox 1053 869 1211 931; x_wconf 78' lang='lat' dir='ltr'><strong>pocula</strong></span> <span class='ocrx_word' id='word_1_69' title='bbox 1232 866 1438 915; x_wconf 77' lang='lat' dir='ltr'><strong>transfert</strong></span> 
     </span>
     <span class='ocr_line' id='line_1_12' title="bbox 188 932 1183 995; baseline 0 -16"><span class='ocrx_word' id='word_1_70' title='bbox 188 932 430 995; x_wconf 71' lang='lat' dir='ltr'><strong>Affigitis,</strong></span> <span class='ocrx_word' id='word_1_71' title='bbox 454 949 563 994; x_wconf 81' lang='lat' dir='ltr'><strong>quas</strong></span> <span class='ocrx_word' id='word_1_72' title='bbox 584 934 629 979; x_wconf 88' lang='lat' dir='ltr'><strong>in</strong></span> <span class='ocrx_word' id='word_1_73' title='bbox 651 936 826 995; x_wconf 77' lang='lat' dir='ltr'><strong>vaginae</strong></span> <span class='ocrx_word' id='word_1_74' title='bbox 845 934 994 981; x_wconf 79' lang='lat' dir='ltr'><strong>fronte</strong></span> <span class='ocrx_word' id='word_1_75' title='bbox 1016 934 1183 979; x_wconf 79' lang='lat' dir='ltr'><strong>solebat</strong></span> 
     </span>
     <span class='ocr_line' id='line_1_13' title="bbox 190 995 1510 1061; baseline 0 -18"><span class='ocrx_word' id='word_1_76' title='bbox 190 996 374 1043; x_wconf 84' lang='lat' dir='ltr'><strong>Ponere</strong></span> <span class='ocrx_word' id='word_1_77' title='bbox 397 998 608 1059; x_wconf 84' lang='lat' dir='ltr'><strong>zelotypo</strong></span> <span class='ocrx_word' id='word_1_78' title='bbox 621 999 798 1060; x_wconf 78' lang='lat' dir='ltr'><strong>juvenis</strong></span> <span class='ocrx_word' id='word_1_79' title='bbox 818 1000 1028 1061; x_wconf 78' lang='lat' dir='ltr'><strong>proelatus</strong></span> <span class='ocrx_word' id='word_1_80' title='bbox 1046 996 1205 1044; x_wconf 81' lang='lat' dir='ltr'><strong>Iarbae·</strong></span> <span class='ocrx_word' id='word_1_81' title='bbox 1444 995 1510 1041; x_wconf 84' lang='grc'><strong>45</strong></span> 
     </span>
     <span class='ocr_line' id='line_1_14' title="bbox 187 1060 1221 1115; baseline -0.002 -7"><span class='ocrx_word' id='word_1_82' title='bbox 187 1060 271 1108; x_wconf 88' lang='lat' dir='ltr'><strong>Tu</strong></span> <span class='ocrx_word' id='word_1_83' title='bbox 293 1061 599 1115; x_wconf 78' lang='lat' dir='ltr'><strong>Beneventani</strong></span> <span class='ocrx_word' id='word_1_84' title='bbox 620 1064 780 1108; x_wconf 73' lang='lat' dir='ltr'><strong>sutoris</strong></span> <span class='ocrx_word' id='word_1_85' title='bbox 803 1077 967 1107; x_wconf 90' lang='lat' dir='ltr'><strong>nomen</strong></span> <span class='ocrx_word' id='word_1_86' title='bbox 988 1062 1221 1108; x_wconf 79' lang='lat' dir='ltr'><strong>habentem</strong></span> 
     </span>
     <span class='ocr_line' id='line_1_15' title="bbox 192 1126 1251 1186; baseline -0.003 -13"><span class='ocrx_word' id='word_1_87' title='bbox 192 1126 392 1173; x_wconf 80' lang='lat' dir='ltr'><strong>Siccabis</strong></span> <span class='ocrx_word' id='word_1_88' title='bbox 413 1126 592 1173; x_wconf 82' lang='lat' dir='ltr'><strong>calicem</strong></span> <span class='ocrx_word' id='word_1_89' title='bbox 614 1140 820 1173; x_wconf 78' lang='lat' dir='ltr'><strong>nasorum</strong></span> <span class='ocrx_word' id='word_1_90' title='bbox 842 1133 1064 1186; x_wconf 86' lang='lat' dir='ltr'><strong>quattuor,</strong></span> <span class='ocrx_word' id='word_1_91' title='bbox 1088 1126 1251 1186; x_wconf 84' lang='lat' dir='ltr'><strong>acjam</strong></span> 
     </span>
     <span class='ocr_line' id='line_1_16' title="bbox 193 1188 1319 1251; baseline -0.002 -16"><span class='ocrx_word' id='word_1_92' title='bbox 193 1190 484 1245; x_wconf 59' lang='lat' dir='ltr'><strong>Quantum,</strong></span> <span class='ocrx_word' id='word_1_93' title='bbox 509 1198 556 1235; x_wconf 92' lang='lat' dir='ltr'><strong>et</strong></span> <span class='ocrx_word' id='word_1_94' title='bbox 576 1197 706 1251; x_wconf 87' lang='lat' dir='ltr'><strong>rupto</strong></span> <span class='ocrx_word' id='word_1_95' title='bbox 725 1198 981 1251; x_wconf 89' lang='lat' dir='ltr'><strong>poscentem</strong></span> <span class='ocrx_word' id='word_1_96' title='bbox 1002 1188 1169 1237; x_wconf 74' lang='lat' dir='ltr'><strong>sulfura</strong></span> <span class='ocrx_word' id='word_1_97' title='bbox 1189 1190 1319 1235; x_wconf 86' lang='lat' dir='ltr'><strong>vitro.</strong></span> 
     </span>
     <span class='ocr_line' id='line_1_17' title="bbox 193 1243 1314 1315; baseline -0.002 -14"><span class='ocrx_word' id='word_1_98' title='bbox 193 1243 246 1301; x_wconf 75' lang='lat' dir='ltr'><strong>Si</strong></span> <span class='ocrx_word' id='word_1_99' title='bbox 271 1256 522 1301; x_wconf 75' lang='lat' dir='ltr'><strong>stomachus</strong></span> <span class='ocrx_word' id='word_1_100' title='bbox 543 1254 707 1300; x_wconf 85' lang='lat' dir='ltr'><strong>domini</strong></span> <span class='ocrx_word' id='word_1_101' title='bbox 727 1253 870 1301; x_wconf 84' lang='lat' dir='ltr'><strong>fervet</strong></span> <span class='ocrx_word' id='word_1_102' title='bbox 889 1255 1081 1315; x_wconf 82' lang='lat' dir='ltr'><strong>vinoque</strong></span> <span class='ocrx_word' id='word_1_103' title='bbox 1100 1254 1283 1313; x_wconf 87' lang='lat' dir='ltr'><strong>ciboque</strong></span> <span class='ocrx_word' id='word_1_104' title='bbox 1292 1270 1314 1310; x_wconf 61' lang='grc' dir='ltr'><strong><em>ς</em></strong></span> 
     </span>
     <span class='ocr_line' id='line_1_18' title="bbox 193 1318 1517 1379; baseline -0.002 -14"><span class='ocrx_word' id='word_1_105' title='bbox 193 1318 422 1379; x_wconf 77' lang='lat' dir='ltr'><strong>Frigidior</strong></span> <span class='ocrx_word' id='word_1_106' title='bbox 444 1319 616 1365; x_wconf 82' lang='lat' dir='ltr'><strong>Geticis</strong></span> <span class='ocrx_word' id='word_1_107' title='bbox 635 1319 799 1379; x_wconf 84' lang='lat' dir='ltr'><strong>petitur</strong></span> <span class='ocrx_word' id='word_1_108' title='bbox 820 1318 1001 1365; x_wconf 86' lang='lat' dir='ltr'><strong>decocta</strong></span> <span class='ocrx_word' id='word_1_109' title='bbox 1021 1318 1200 1379; x_wconf 81' lang='lat' dir='ltr'><strong>pruinis.</strong></span> <span class='ocrx_word' id='word_1_110' title='bbox 1450 1318 1517 1363; x_wconf 84' lang='lat'><strong>50</strong></span> 
     </span>
     <span class='ocr_line' id='line_1_19' title="bbox 262 1380 1349 1444; baseline -0.001 -15"><span class='ocrx_word' id='word_1_111' title='bbox 262 1380 372 1429; x_wconf 85' lang='lat' dir='ltr'><strong>Non</strong></span> <span class='ocrx_word' id='word_1_112' title='bbox 391 1383 544 1429; x_wconf 87' lang='lat' dir='ltr'><strong>eadem</strong></span> <span class='ocrx_word' id='word_1_113' title='bbox 563 1383 690 1429; x_wconf 79' lang='lat' dir='ltr'><strong>vobis</strong></span> <span class='ocrx_word' id='word_1_114' title='bbox 709 1383 814 1444; x_wconf 88' lang='lat' dir='ltr'><strong>poni</strong></span> <span class='ocrx_word' id='word_1_115' title='bbox 835 1383 969 1429; x_wconf 88' lang='lat' dir='ltr'><strong>modo</strong></span> <span class='ocrx_word' id='word_1_116' title='bbox 990 1384 1094 1429; x_wconf 83' lang='lat' dir='ltr'><strong>vina</strong></span> <span class='ocrx_word' id='word_1_117' title='bbox 1114 1382 1349 1443; x_wconf 73' lang='lat' dir='ltr'><strong>querebarz</strong></span> 
     </span>
     <span class='ocr_line' id='line_1_20' title="bbox 195 1444 1347 1509; baseline 0 -17"><span class='ocrx_word' id='word_1_118' title='bbox 195 1444 300 1493; x_wconf 80' lang='lat' dir='ltr'><strong>Vos</strong></span> <span class='ocrx_word' id='word_1_119' title='bbox 320 1446 446 1493; x_wconf 83' lang='lat' dir='ltr'><strong>aliam</strong></span> <span class='ocrx_word' id='word_1_120' title='bbox 469 1448 630 1508; x_wconf 76' lang='lat' dir='ltr'><strong>potatis</strong></span> <span class='ocrx_word' id='word_1_121' title='bbox 653 1463 825 1508; x_wconf 85' lang='lat' dir='ltr'><strong>aquam.</strong></span> <span class='ocrx_word' id='word_1_122' title='bbox 892 1446 995 1494; x_wconf 86' lang='lat' dir='ltr'><strong>Tibi</strong></span> <span class='ocrx_word' id='word_1_123' title='bbox 1016 1448 1175 1509; x_wconf 84' lang='lat' dir='ltr'><strong>pocula</strong></span> <span class='ocrx_word' id='word_1_124' title='bbox 1194 1462 1347 1494; x_wconf 85' lang='lat' dir='ltr'><strong>cursor</strong></span> 
     </span>
     <span class='ocr_line' id='line_1_21' title="bbox 197 1511 1314 1574; baseline -0.004 -14"><span class='ocrx_word' id='word_1_125' title='bbox 197 1512 410 1560; x_wconf 78' lang='lat' dir='ltr'><strong>Gaetulus</strong></span> <span class='ocrx_word' id='word_1_126' title='bbox 430 1512 562 1565; x_wconf 79' lang='lat' dir='ltr'><strong>dabit,</strong></span> <span class='ocrx_word' id='word_1_127' title='bbox 585 1519 663 1559; x_wconf 89' lang='lat' dir='ltr'><strong>aut</strong></span> <span class='ocrx_word' id='word_1_128' title='bbox 683 1513 797 1574; x_wconf 80' lang='lat' dir='ltr'><strong>nigri</strong></span> <span class='ocrx_word' id='word_1_129' title='bbox 819 1527 978 1560; x_wconf 81' lang='lat' dir='ltr'><strong>manus</strong></span> <span class='ocrx_word' id='word_1_130' title='bbox 998 1527 1125 1559; x_wconf 74' lang='lat' dir='ltr'><strong>ossea</strong></span> <span class='ocrx_word' id='word_1_131' title='bbox 1149 1511 1314 1564; x_wconf 81' lang='lat' dir='ltr'><strong>Mauri,</strong></span> 
     </span>
     <span class='ocr_line' id='line_1_22' title="bbox 194 1577 1291 1638; baseline -0.003 -14"><span class='ocrx_word' id='word_1_132' title='bbox 194 1577 264 1624; x_wconf 83' lang='lat' dir='ltr'><strong>Et</strong></span> <span class='ocrx_word' id='word_1_133' title='bbox 286 1577 355 1622; x_wconf 90' lang='lat' dir='ltr'><strong>cui</strong></span> <span class='ocrx_word' id='word_1_134' title='bbox 377 1592 455 1638; x_wconf 89' lang='lat' dir='ltr'><strong>per</strong></span> <span class='ocrx_word' id='word_1_135' title='bbox 475 1577 662 1623; x_wconf 87' lang='lat' dir='ltr'><strong>mediam</strong></span> <span class='ocrx_word' id='word_1_136' title='bbox 685 1577 798 1623; x_wconf 78' lang='lat' dir='ltr'><strong>nolis</strong></span> <span class='ocrx_word' id='word_1_137' title='bbox 819 1593 1050 1624; x_wconf 86' lang='lat' dir='ltr'><strong>occurrere</strong></span> <span class='ocrx_word' id='word_1_138' title='bbox 1070 1584 1262 1629; x_wconf 86' lang='lat' dir='ltr'><strong>noctem,</strong></span> <span class='ocrx_word' id='word_1_139' title='bbox 1286 1599 1291 1604; x_wconf 93' lang='lat'><em>·</em></span> 
     </span>
     <span class='ocr_line' id='line_1_23' title="bbox 197 1638 1513 1703; baseline -0.003 -15"><span class='ocrx_word' id='word_1_140' title='bbox 197 1638 396 1688; x_wconf 77' lang='lat' dir='ltr'><strong>Clivosae</strong></span> <span class='ocrx_word' id='word_1_141' title='bbox 417 1642 590 1688; x_wconf 79' lang='lat' dir='ltr'><strong>veheris</strong></span> <span class='ocrx_word' id='word_1_142' title='bbox 610 1641 712 1687; x_wconf 89' lang='lat' dir='ltr'><strong>dum</strong></span> <span class='ocrx_word' id='word_1_143' title='bbox 735 1657 813 1703; x_wconf 88' lang='lat' dir='ltr'><strong>per</strong></span> <span class='ocrx_word' id='word_1_144' title='bbox 833 1642 1106 1688; x_wconf 84' lang='lat' dir='ltr'><strong>monimenta</strong></span> <span class='ocrx_word' id='word_1_145' title='bbox 1127 1639 1317 1688; x_wconf 75' lang='lat' dir='ltr'><strong>Latinae.</strong></span> <span class='ocrx_word' id='word_1_146' title='bbox 1448 1639 1513 1685; x_wconf 80' lang='lat'><strong>55</strong></span> 
     </span>
     <span class='ocr_line' id='line_1_24' title="bbox 197 1703 1321 1767; baseline -0.001 -15"><span class='ocrx_word' id='word_1_147' title='bbox 197 1703 308 1752; x_wconf 82' lang='lat' dir='ltr'><strong>Flos</strong></span> <span class='ocrx_word' id='word_1_148' title='bbox 333 1705 455 1751; x_wconf 76' lang='lat' dir='ltr'><strong>Asiae</strong></span> <span class='ocrx_word' id='word_1_149' title='bbox 476 1713 580 1752; x_wconf 79' lang='lat' dir='ltr'><strong>ante</strong></span> <span class='ocrx_word' id='word_1_150' title='bbox 601 1706 756 1765; x_wconf 74' lang='lat' dir='ltr'><strong>ipsum,</strong></span> <span class='ocrx_word' id='word_1_151' title='bbox 781 1707 922 1767; x_wconf 90' lang='lat' dir='ltr'><strong>pretio</strong></span> <span class='ocrx_word' id='word_1_152' title='bbox 944 1707 1110 1767; x_wconf 81' lang='lat' dir='ltr'><strong>majore</strong></span> <span class='ocrx_word' id='word_1_153' title='bbox 1128 1712 1321 1766; x_wconf 78' lang='lat' dir='ltr'><strong>paratus,</strong></span> 
     </span>
     <span class='ocr_line' id='line_1_25' title="bbox 199 1768 1323 1832; baseline -0.001 -17"><span class='ocrx_word' id='word_1_154' title='bbox 199 1768 350 1822; x_wconf 76' lang='lat' dir='ltr'><strong>Quam</strong></span> <span class='ocrx_word' id='word_1_155' title='bbox 371 1769 464 1815; x_wconf 85' lang='lat' dir='ltr'><strong>fuit.</strong></span> <span class='ocrx_word' id='word_1_156' title='bbox 477 1778 523 1816; x_wconf 84' lang='lat' dir='ltr'><strong>et</strong></span> <span class='ocrx_word' id='word_1_157' title='bbox 543 1768 666 1815; x_wconf 82' lang='lat' dir='ltr'><strong>Tulli</strong></span> <span class='ocrx_word' id='word_1_158' title='bbox 686 1785 846 1816; x_wconf 79' lang='lat' dir='ltr'><strong>census</strong></span> <span class='ocrx_word' id='word_1_159' title='bbox 866 1771 1095 1832; x_wconf 80' lang='lat' dir='ltr'><strong>pugnacis,</strong></span> <span class='ocrx_word' id='word_1_160' title='bbox 1120 1779 1166 1830; x_wconf 78' lang='lat' dir='ltr'><strong>et</strong></span> <span class='ocrx_word' id='word_1_161' title='bbox 1188 1769 1323 1820; x_wconf 87' lang='lat' dir='ltr'><strong>Anci,</strong></span> 
     </span>
     <span class='ocr_line' id='line_1_26' title="bbox 196 1831 1315 1893; baseline -0.002 -13"><span class='ocrx_word' id='word_1_162' title='bbox 196 1831 276 1885; x_wconf 81' lang='lat' dir='ltr'><strong>Et,</strong></span> <span class='ocrx_word' id='word_1_163' title='bbox 302 1847 359 1879; x_wconf 91' lang='lat' dir='ltr'><strong>ne</strong></span> <span class='ocrx_word' id='word_1_164' title='bbox 372 1840 424 1887; x_wconf 60' lang='lat' dir='ltr'><strong>‚te</strong></span> <span class='ocrx_word' id='word_1_165' title='bbox 444 1841 635 1886; x_wconf 84' lang='lat' dir='ltr'><strong>teneam,</strong></span> <span class='ocrx_word' id='word_1_166' title='bbox 660 1833 966 1881; x_wconf 85' lang='lat' dir='ltr'><strong>Romanorum</strong></span> <span class='ocrx_word' id='word_1_167' title='bbox 990 1834 1139 1880; x_wconf 86' lang='lat' dir='ltr'><strong>omnia</strong></span> <span class='ocrx_word' id='word_1_168' title='bbox 1158 1847 1315 1893; x_wconf 79' lang='lat' dir='ltr'><strong>regum</strong></span> 
     </span>
     <span class='ocr_line' id='line_1_27' title="bbox 195 1894 1513 1956; baseline -0.003 -13"><span class='ocrx_word' id='word_1_169' title='bbox 195 1895 388 1944; x_wconf 78' lang='lat' dir='ltr'><strong>Frivola.</strong></span> <span class='ocrx_word' id='word_1_170' title='bbox 428 1897 566 1952; x_wconf 83' lang='lat' dir='ltr'><strong>Quod</strong></span> <span class='ocrx_word' id='word_1_171' title='bbox 583 1913 684 1944; x_wconf 86' lang='lat' dir='ltr'><strong>cum</strong></span> <span class='ocrx_word' id='word_1_172' title='bbox 699 1899 761 1944; x_wconf 85' lang='lat' dir='ltr'><strong>ita</strong></span> <span class='ocrx_word' id='word_1_173' title='bbox 783 1899 853 1951; x_wconf 80' lang='lat' dir='ltr'><strong>sit,</strong></span> <span class='ocrx_word' id='word_1_174' title='bbox 878 1906 928 1944; x_wconf 90' lang='lat' dir='ltr'><strong>tu</strong></span> <span class='ocrx_word' id='word_1_175' title='bbox 946 1898 1176 1946; x_wconf 80' lang='lat' dir='ltr'><strong>Gaetulum</strong></span> <span class='ocrx_word' id='word_1_176' title='bbox 1204 1894 1513 1956; x_wconf 71' lang='lat' dir='ltr'><strong>Ganymedem</strong></span> 
     </span>
     <span class='ocr_line' id='line_1_28' title="bbox 196 1961 1517 2024; baseline -0.003 -16"><span class='ocrx_word' id='word_1_177' title='bbox 196 1961 402 2024; x_wconf 76' lang='lat' dir='ltr'><strong>Respice,</strong></span> <span class='ocrx_word' id='word_1_178' title='bbox 425 1977 529 2008; x_wconf 88' lang='lat' dir='ltr'><strong>cum</strong></span> <span class='ocrx_word' id='word_1_179' title='bbox 553 1962 686 2008; x_wconf 73' lang='lat' dir='ltr'><strong>sities.</strong></span> <span class='ocrx_word' id='word_1_180' title='bbox 756 1962 930 2016; x_wconf 87' lang='lat' dir='ltr'><strong>Nescit,</strong></span> <span class='ocrx_word' id='word_1_181' title='bbox 956 1970 1025 2010; x_wconf 86' lang='lat' dir='ltr'><strong>tot</strong></span> <span class='ocrx_word' id='word_1_182' title='bbox 1044 1963 1235 2008; x_wconf 74' lang='lat' dir='ltr'><strong>millibus</strong></span> <span class='ocrx_word' id='word_1_183' title='bbox 1257 1968 1415 2013; x_wconf 74' lang='lat' dir='ltr'><strong>emtus,</strong></span> <span class='ocrx_word' id='word_1_184' title='bbox 1452 1962 1517 2020; x_wconf 75' lang='lat'><strong>60</strong></span> 
     </span>
     <span class='ocr_line' id='line_1_29' title="bbox 197 2024 1355 2089; baseline 0 -17"><span class='ocrx_word' id='word_1_185' title='bbox 197 2024 466 2088; x_wconf 76' lang='lat' dir='ltr'><strong>Pauperibus</strong></span> <span class='ocrx_word' id='word_1_186' title='bbox 488 2028 676 2074; x_wconf 81' lang='lat' dir='ltr'><strong>miscere</strong></span> <span class='ocrx_word' id='word_1_187' title='bbox 693 2043 828 2089; x_wconf 85' lang='lat' dir='ltr'><strong>puer:</strong></span> <span class='ocrx_word' id='word_1_188' title='bbox 868 2028 946 2074; x_wconf 83' lang='lat' dir='ltr'><strong>sed</strong></span> <span class='ocrx_word' id='word_1_189' title='bbox 966 2026 1123 2078; x_wconf 79' lang='lat' dir='ltr'><strong>forma,</strong></span> <span class='ocrx_word' id='word_1_190' title='bbox 1148 2026 1224 2072; x_wconf 78' lang='lat' dir='ltr'><strong>sed</strong></span> <span class='ocrx_word' id='word_1_191' title='bbox 1246 2033 1355 2072; x_wconf 78' lang='lat' dir='ltr'><strong>aetas</strong></span> 
     </span>
     <span class='ocr_line' id='line_1_30' title="bbox 171 2088 1379 2153; baseline 0 -18"><span class='ocrx_word' id='word_1_192' title='bbox 171 2091 176 2095; x_wconf 75' lang='grc'><strong>’</strong></span> <span class='ocrx_word' id='word_1_193' title='bbox 195 2089 354 2152; x_wconf 80' lang='lat' dir='ltr'><strong>Digna</strong></span> <span class='ocrx_word' id='word_1_194' title='bbox 373 2091 620 2153; x_wconf 77' lang='lat' dir='ltr'><strong>supercilio.</strong></span> <span class='ocrx_word' id='word_1_195' title='bbox 693 2091 886 2144; x_wconf 80' lang='lat' dir='ltr'><strong>Quando</strong></span> <span class='ocrx_word' id='word_1_196' title='bbox 907 2092 963 2138; x_wconf 80' lang='lat' dir='ltr'><strong>ad</strong></span> <span class='ocrx_word' id='word_1_197' title='bbox 984 2099 1031 2138; x_wconf 85' lang='lat' dir='ltr'><strong>te</strong></span> <span class='ocrx_word' id='word_1_198' title='bbox 1050 2091 1249 2153; x_wconf 81' lang='lat' dir='ltr'><strong>pervenit</strong></span> <span class='ocrx_word' id='word_1_199' title='bbox 1270 2088 1379 2136; x_wconf 78' lang='lat' dir='ltr'><strong>ille?</strong></span> 
     </span>
     <span class='ocr_line' id='line_1_31' title="bbox 201 2153 1457 2220; baseline -0.002 -19"><span class='ocrx_word' id='word_1_200' title='bbox 201 2153 390 2208; x_wconf 78' lang='lat' dir='ltr'><strong>Quando</strong></span> <span class='ocrx_word' id='word_1_201' title='bbox 411 2164 598 2220; x_wconf 68' lang='lat' dir='ltr'><strong>vocatus</strong></span> <span class='ocrx_word' id='word_1_202' title='bbox 617 2156 756 2208; x_wconf 73' lang='lat' dir='ltr'><strong>adest,</strong></span> <span class='ocrx_word' id='word_1_203' title='bbox 779 2157 930 2203; x_wconf 75' lang='lat' dir='ltr'><strong>caiidae</strong></span> <span class='ocrx_word' id='word_1_204' title='bbox 952 2157 1197 2218; x_wconf 74' lang='lat' dir='ltr'><strong>gelidaeque</strong></span> <span class='ocrx_word' id='word_1_205' title='bbox 1218 2155 1421 2202; x_wconf 81' lang='lat' dir='ltr'><strong>minister</strong></span> <span class='ocrx_word' id='word_1_206' title='bbox 1433 2153 1457 2198; x_wconf 78' lang='lat'>?</span> 
     </span>
     <span class='ocr_line' id='line_1_32' title="bbox 201 2217 1164 2282; baseline 0.002 -18"><span class='ocrx_word' id='word_1_207' title='bbox 201 2217 375 2281; x_wconf 80' lang='lat' dir='ltr'><strong>Quippe</strong></span> <span class='ocrx_word' id='word_1_208' title='bbox 394 2220 648 2281; x_wconf 79' lang='lat' dir='ltr'><strong>indignatur</strong></span> <span class='ocrx_word' id='word_1_209' title='bbox 669 2222 806 2268; x_wconf 83' lang='lat' dir='ltr'><strong>veteri</strong></span> <span class='ocrx_word' id='word_1_210' title='bbox 827 2237 981 2282; x_wconf 86' lang='lat' dir='ltr'><strong>parere</strong></span> <span class='ocrx_word' id='word_1_211' title='bbox 1002 2221 1164 2274; x_wconf 86' lang='lat' dir='ltr'><strong>clienti,</strong></span> 
     </span>
     <span class='ocr_line' id='line_1_33' title="bbox 199 2281 1511 2347; baseline -0.003 -17"><span class='ocrx_word' id='word_1_212' title='bbox 199 2282 419 2344; x_wconf 77' lang='lat' dir='ltr'><strong>Quodque</strong></span> <span class='ocrx_word' id='word_1_213' title='bbox 438 2284 600 2344; x_wconf 85' lang='lat' dir='ltr'><strong>aliquid</strong></span> <span class='ocrx_word' id='word_1_214' title='bbox 614 2301 784 2347; x_wconf 79' lang='lat' dir='ltr'><strong>poseas,</strong></span> <span class='ocrx_word' id='word_1_215' title='bbox 803 2293 851 2332; x_wconf 90' lang='lat' dir='ltr'><strong>et</strong></span> <span class='ocrx_word' id='word_1_216' title='bbox 870 2286 1005 2346; x_wconf 89' lang='lat' dir='ltr'><strong>quod,</strong></span> <span class='ocrx_word' id='word_1_217' title='bbox 1022 2301 1070 2331; x_wconf 72' lang='lat' dir='ltr'><strong>se</strong></span> <span class='ocrx_word' id='word_1_218' title='bbox 1090 2292 1249 2338; x_wconf 80' lang='lat' dir='ltr'><strong>stante,</strong></span> <span class='ocrx_word' id='word_1_219' title='bbox 1268 2281 1511 2331; x_wconf 80' lang='lat' dir='ltr'><strong>recumbas.</strong></span> 
     </span>
     <span class='ocr_line' id='line_1_34' title="bbox 197 2347 1519 2410; baseline -0.005 -14"><span class='ocrx_word' id='word_1_220' title='bbox 197 2347 396 2396; x_wconf 83' lang='lat' dir='ltr'><strong>Maxima</strong></span> <span class='ocrx_word' id='word_1_221' title='bbox 417 2364 604 2410; x_wconf 86' lang='lat' dir='ltr'><strong>quaeque</strong></span> <span class='ocrx_word' id='word_1_222' title='bbox 624 2349 782 2396; x_wconf 79' lang='lat' dir='ltr'><strong>domus</strong></span> <span class='ocrx_word' id='word_1_223' title='bbox 804 2350 943 2397; x_wconf 77' lang='lat' dir='ltr'><strong>servis</strong></span> <span class='ocrx_word' id='word_1_224' title='bbox 964 2356 1033 2396; x_wconf 78' lang='lat' dir='ltr'><strong>est</strong></span> <span class='ocrx_word' id='word_1_225' title='bbox 1052 2350 1183 2410; x_wconf 54' lang='lat' dir='ltr'><strong>ruem</strong></span> <span class='ocrx_word' id='word_1_226' title='bbox 1206 2347 1413 2408; x_wconf 75' lang='lat' dir='ltr'><strong>superbis.</strong></span> <span class='ocrx_word' id='word_1_227' title='bbox 1452 2349 1519 2391; x_wconf 83' lang='lat'><strong>66</strong></span> 
     </span>
     <span class='ocr_line' id='line_1_35' title="bbox 260 2411 1341 2476; baseline -0.001 -18"><span class='ocrx_word' id='word_1_228' title='bbox 260 2411 380 2460; x_wconf 89' lang='lat' dir='ltr'><strong>Ecce</strong></span> <span class='ocrx_word' id='word_1_229' title='bbox 399 2413 512 2460; x_wconf 78' lang='lat' dir='ltr'><strong>alius</strong></span> <span class='ocrx_word' id='word_1_230' title='bbox 532 2421 698 2474; x_wconf 86' lang='lat' dir='ltr'><strong>quanto</strong></span> <span class='ocrx_word' id='word_1_231' title='bbox 717 2415 915 2476; x_wconf 78' lang='lat' dir='ltr'><strong>porrexit</strong></span> <span class='ocrx_word' id='word_1_232' title='bbox 935 2429 1162 2460; x_wconf 87' lang='lat' dir='ltr'><strong>murmure</strong></span> <span class='ocrx_word' id='word_1_233' title='bbox 1181 2427 1341 2474; x_wconf 79' lang='lat' dir='ltr'><strong>panem</strong></span> 
     </span>
     <span class='ocr_line' id='line_1_36' title="bbox 176 2475 1343 2542; baseline -0.002 -20"><span class='ocrx_word' id='word_1_234' title='bbox 176 2475 289 2528; x_wconf 78' lang='lat' dir='ltr'><strong>,vix</strong></span> <span class='ocrx_word' id='word_1_235' title='bbox 307 2477 512 2532; x_wconf 82' lang='lat' dir='ltr'><strong>fractum,</strong></span> <span class='ocrx_word' id='word_1_236' title='bbox 538 2479 690 2526; x_wconf 74' lang='lat' dir='ltr'><strong>solidae</strong></span> <span class='ocrx_word' id='word_1_237' title='bbox 703 2482 797 2542; x_wconf 74' lang='lat' dir='ltr'><strong>Jam</strong></span> <span class='ocrx_word' id='word_1_238' title='bbox 819 2479 995 2526; x_wconf 83' lang='lat' dir='ltr'><strong>mucida</strong></span> <span class='ocrx_word' id='word_1_239' title='bbox 1014 2478 1155 2524; x_wconf 82' lang='lat' dir='ltr'><strong>frusta</strong></span> <span class='ocrx_word' id='word_1_240' title='bbox 1175 2476 1343 2527; x_wconf 82' lang='lat' dir='ltr'><strong>farinae,</strong></span> 
     </span>
     <span class='ocr_line' id='line_1_37' title="bbox 201 2540 1435 2606; baseline -0.009 -12"><span class='ocrx_word' id='word_1_241' title='bbox 201 2541 316 2594; x_wconf 80' lang='lat' dir='ltr'><strong>Quoe</strong></span> <span class='ocrx_word' id='word_1_242' title='bbox 335 2543 580 2605; x_wconf 78' lang='lat' dir='ltr'><strong>genuinum</strong></span> <span class='ocrx_word' id='word_1_243' title='bbox 603 2544 786 2606; x_wconf 81' lang='lat' dir='ltr'><strong>agitent,</strong></span> <span class='ocrx_word' id='word_1_244' title='bbox 811 2559 902 2591; x_wconf 88' lang='lat' dir='ltr'><strong>non</strong></span> <span class='ocrx_word' id='word_1_245' title='bbox 924 2540 1201 2590; x_wconf 82' lang='lat' dir='ltr'><strong>admittentia</strong></span> <span class='ocrx_word' id='word_1_246' title='bbox 1222 2551 1435 2586; x_wconf 81' lang='lat' dir='ltr'><strong>morsum.</strong></span> 
     </span>
     <span class='ocr_line' id='line_1_38' title="bbox 195 2601 1523 2670; baseline 0.003 -16"><span class='ocrx_word' id='word_1_247' title='bbox 195 2607 283 2654; x_wconf 81' lang='lat' dir='ltr'><strong>Sed</strong></span> <span class='ocrx_word' id='word_1_248' title='bbox 303 2615 441 2664; x_wconf 87' lang='lat' dir='ltr'><strong>tener,</strong></span> <span class='ocrx_word' id='word_1_249' title='bbox 465 2615 514 2658; x_wconf 84' lang='lat' dir='ltr'><strong>et</strong></span> <span class='ocrx_word' id='word_1_250' title='bbox 532 2609 704 2664; x_wconf 68' lang='lat' dir='ltr'><strong>nivem,</strong></span> <span class='ocrx_word' id='word_1_251' title='bbox 729 2609 941 2670; x_wconf 89' lang='lat' dir='ltr'><strong>mollique</strong></span> <span class='ocrx_word' id='word_1_252' title='bbox 962 2607 1137 2668; x_wconf 76' lang='lat' dir='ltr'><strong>siligine</strong></span> <span class='ocrx_word' id='word_1_253' title='bbox 1156 2603 1317 2658; x_wconf 73' lang='lat' dir='ltr'><strong>faetus,</strong></span> <span class='ocrx_word' id='word_1_254' title='bbox 1455 2601 1523 2647; x_wconf 76' lang='lat'><strong>70</strong></span> 
     </span>
     <span class='ocr_line' id='line_1_39' title="bbox 1040 2685 1072 2716; baseline 0 -2"><span class='ocrx_word' id='word_1_255' title='bbox 1040 2685 1072 2716; x_wconf 86' lang='lat' dir='ltr'><strong>n</strong></span> 
     </span>
    </p>
   </div>
  </div>
 </body>
</html>
