1859 2925
271 506 368 571 D.
429 504 750 571 JUNII
807 502 1467 576 JUVENALIS

517 642 520 645 ’
616 674 1136 749 AQUINA'rls

528 836 1231 904 SATIRARUM

613 1022 825 1071 LIBER
856 1022 1135 1071 PRIMUS.

713 1296 963 1347 SATIRA
994 1280 1042 1343 1.'

211 1441 413 1490 Surum
433 1456 523 1520 ego
541 1442 714 1490 auditor
732 1448 905 1490 tanturn
919 1440 943 1488 Ρ
976 1452 1259 1502 nunquamne
1280 1454 1503 1503 reponam,

214 1507 422 1554 vexatus
443 1509 576 1554 toties
597 1509 715 1554 rauci
737 1507 961 1554 Theseide
984 1505 1122 1554 Codri
1137 1507 1161 1551 ἲ

214 1569 408 1632 Impune
427 1587 537 1634 ergo
557 1572 664 1618 mihi
686 1572 935 1618 recitaverit
955 1572 1028 1616 ine
1048 1577 1236 1632 togatas,

213 1633 312 1682 Hic
337 1635 524 1698 elegos?
555 1637 736 1698 impune
757 1637 871 1682 diem
895 1635 1187 1682 consumserit
1207 1635 1366 1696 ingens

215 1699 442 1761 Telephus
454 1701 478 1745 ἲ
506 1707 600 1777 sut,
626 1701 786 1746 summi
806 1698 969 1762 plena
947 1713 1041 1762 Jam
1063 1695 1265 1760 margine
1284 1698 1395 1755 libri,
1509 1698 1542 1744 5

216 1764 418 1826 Scriptus
439 1772 486 1812 et
504 1766 551 1810 in
573 1771 715 1826 tergo,
741 1779 822 1811 nec
844 1765 949 1810 dum
975 1763 1135 1816 finitus,
1162 1762 1377 1810 Orestes?

278 1827 407 1876 Nota
427 1829 570 1890 magis
589 1829 698 1876 nulli
719 1829 877 1876 domus
897 1837 967 1875 est
990 1843 1080 1881 sua,
1104 1841 1235 1888 quam
1249 1826 1365 1872 mihi
1384 1826 1513 1872 lucus

214 1892 394 1946 Martis,
419 1901 466 1940 et
486 1893 650 1940 AEoliis
669 1894 863 1940 vicinum
885 1894 1063 1954 rupibus
1084 1899 1259 1938 antrum

180 1966 183 1968 ’
215 1955 423 2004 Vulcani.
484 1957 608 2012 Quid
629 1965 764 2019 agant
782 1951 918 2010 venti,
944 1967 1053 2018 quas
1072 1963 1277 2016 torqueat
1296 1955 1473 2001 umbras

213 2021 418 2078 AEacus;
441 2023 560 2070 unde
578 2023 689 2069 alius
707 2022 886 2069 furtivae
907 2021 1097 2068 devehat
1116 2035 1273 2066 aurum
1484 2021 1545 2064 10

214 2085 470 2143 Pelliculae3
505 2094 694 2147 quantas
705 2087 926 2149 ,iaculetur
948 2085 1207 2146 Monychus
1228 2099 1379 2136 ornos,

213 2149 457 2197 Frontonis
477 2151 655 2212 platani,
679 2153 977 2212 convulsaque
998 2165 1219 2196 marmora
1238 2149 1431 2195 clamant

216 2215 414 2277 Semper,
436 2222 485 2261 et
505 2215 680 2262 assiduo
702 2223 843 2277 ruptae
861 2216 1029 2262 lectore
1050 2216 1284 2261 columnae.

215 2277 466 2341 Exspectes
487 2280 639 2326 eadem
661 2295 689 2326 a
710 2293 884 2326 summo
903 2281 1179 2344 minimoque
1194 2274 1341 2340 poeta.

275 2343 342 2390 Et
363 2359 448 2390 nos
467 2360 578 2406 ergo
597 2359 777 2391 manum
797 2343 953 2391 ferulae
976 2336 1285 2400 subduximu83
1310 2348 1356 2388 et
1370 2355 1453 2387 nos
1490 2340 1549 2386 15

216 2407 464 2457 Consilium
487 2409 686 2454 dedimus
709 2409 860 2462 Sullae,
883 2410 1083 2470 privatus
1104 2415 1155 2454 ut
1175 2408 1313 2453 altum

215 2472 460 2520 Dormire-t.
517 2474 664 2520 Stulta
683 2480 751 2520 est
773 2474 1023 2525 clementia,
1047 2487 1148 2518 cum
1171 2479 1239 2517 tot
1260 2471 1423 2530 ubique

212 2535 402 2584 Vatibus
423 2553 642 2591 occurras,
665 2537 874 2600 periturae
887 2552 1069 2599 parcere
1088 2537 1267 2582 ehartae·

275 2599 374 2650 Cur
393 2609 542 2651 tamen
563 2603 650 2648 hoc
669 2603 818 2664 potius
837 2603 971 2648 libeat
990 2602 1223 2648 decurrere
1242 2611 1439 2658 eampo,¹

217 2664 305 2714 Per
319 2683 450 2728 quem
474 2681 667 2730 magnus
681 2681 820 2727 equos
843 2667 1072 2713 Auruncae
1092 2663 1219 2712 flexit
1238 2663 1457 2712 alumnus,
1494 2662 1559 2703 ‘20

1070 2745 1099 2773 B
