1859 2925
295 127 332 169 4
654 122 688 171 J
691 120 1041 171 UVENALIS
1074 124 1185 171 Su.
1212 123 1253 171 1.

290 250 500 304 Perdere,
522 256 568 297 et
588 250 783 298 horrenti
807 250 1001 297 tunicam
1021 266 1115 297 non
1134 251 1313 301 reddere
1332 265 1464 297 servo
1477 248 1503 297 ἲ

293 315 411 369 Quis
431 314 614 361 totidem
634 316 775 361 erexit
794 316 922 361 villas
937 316 959 360 ἲ
992 317 1093 376 quis
1113 314 1281 363 fercula
1302 322 1469 377 septem

290 377 473 426 Secreto
495 380 688 426 coenavit
707 395 846 426 avua.
832 380 854 413 '³
894 379 945 425 N
947 394 1032 426 unc
1055 381 1251 441 sportula
1268 380 1409 441 primo
1555 381 1621 427 95

288 428 470 489 Limine
488 459 623 504 parva
643 444 778 498 sedet,
803 446 945 491 turbae
966 444 1171 505 rapienda
1190 452 1371 505 togatae.

287 505 374 553 Ille
395 514 544 553 tamen
563 507 718 553 facim
739 510 860 569 prius
880 508 1089 569 inspicit,
1124 516 1171 554 et
1190 508 1387 569 trepidat,
1415 522 1475 555 ne

291 572 556 631 suppositus
576 572 740 625 venias,
765 588 816 619 ac
835 572 947 619 falso
970 572 1149 619 nomine
1168 587 1338 634 poscas.

287 634 490 696 Agnitus
509 637 708 697 accipies·
758 634 793 685 J
795 637 896 683 ubet
915 652 945 682 s.
964 651 1168 697 praecone
1189 636 1335 683 vocari
1618 680 1621 683 ,

285 697 420 761 Ipsos
440 697 550 762 Troj
639 715 748 757 nas3
781 715 884 746 nam
903 706 1070 746 vexant
1087 700 1223 746 limen
1244 706 1291 746 et
1311 699 1393 761 ipsi
1526 702 1623 745 100

287 762 551 810 Nobiscum.
527 715 748 811 ’,υἷα
681 765 873 825 praetori,
898 764 953 810 da
974 750 1129 811 deinde
1151 764 1339 811 tribuno.

289 826 380 875 Sed
399 828 624 875 libertinus
645 829 763 889 prior
783 836 887 874 est·
919 830 1053 888 prior,
1078 829 1233 888 inquit,
1257 844 1343 889 ego
1365 828 1539 875 adsum.

289 888 388 939 Cur
407 892 600 945 timeam,
624 892 872 939 dubitemve
891 892 1040 937 locum
1062 892 1311 945 defendere,
1336 892 1539 951 quamvis

289 954 443 1001 Natus
463 956 520 1001 ad
540 955 814 1017 Euphraten,
839 957 996 1001 molles
1016 956 1166 1016 quod
1156 971 1203 1001 m
1224 971 1329 1003 aure
1345 955 1555 1003 fenestrae

286 1019 549 1081 Arguerint,
563 1019 689 1065 licet'
676 1035 770 1081 ipse
783 1035 943 1082 negem
957 1020 979 1064 ἰ’
1004 1020 1093 1066 Sed
1108 1020 1301 1080 quinque
1316 1020 1508 1067 taberuae
1526 1021 1622 1065 105

287 1082 626 1145 Quadringenta.
780 1091 812 1129 t.
883 1083 1007 1136 Quid
1026 1084 1199 1129 confert
1220 1100 1409 1145 purpura
1429 1086 1571 1147 major

284 1146 556 1209 Optandum,
583 1148 618 1192 si
711 1148 854 1194 urenti
875 1147 1099 1194 custodit
1087 1163 1133 1193 m
1152 1163 1265 1209 agro

284 1208 544 1258 conductas
565 1209 788 1258 Corvinus
809 1226 916 1257 oves
929 1211 953 1256 Ρ
986 1211 1094 1273 Ego
1114 1212 1317 1273 possideo
1338 1211 1437 1272 plus

284 1274 502 1329 Pallante,
527 1281 574 1321 et
595 1274 778 1321 Licinis.
824 1276 1105 1337 Exspectent
1125 1291 1234 1337 ergo
1256 1274 1447 1322 tribuni.

280 1337 482 1385 Vincunt
501 1338 698 1387 divitiae.
736 1354 860 1387 sacro
881 1355 965 1386 nec
986 1340 1115 1387 cedat
1138 1340 1309 1393 honori,
1524 1342 1617 1387 110

285 1402 447 1465 Nuper
466 1403 514 1448 in
535 1403 650 1449 hanc
670 1403 821 1451 urbem
841 1404 1023 1466 pedibus
1044 1404 1121 1465 qui
1142 1410 1323 1450 venerat
1342 1402 1472 1462 albis3

289 1467 662 1528 Quandoquidem
680 1468 796 1520 inter
816 1483 898 1517 nos
920 1469 1195 1518 sanctissima
1215 1469 1465 1518 divitiarum

287 1531 538 1594 Majestasz
577 1533 673 1586 etsi,
697 1532 874 1582 funesta
894 1531 1105 1586 Pecunia,
1129 1533 1294 1594 templo

279 1595 498 1642 Nondum
517 1597 701 1652 habitas,
725 1597 868 1643 nullas
889 1611 1169 1646 nummorum
1192 1597 1412 1646 ereximus
1433 1611 1547 1650 aras,

279 1659 352 1706 Ut
372 1661 532 1708 colitur
555 1660 667 1716 Pax,
693 1669 824 1722 atque
847 1660 995 1714 Fides,
1014 1659 1229 1714 Victoria,
1253 1661 1425 1716 Virtus,
1519 1663 1611 1710 115

281 1723 490 1785 Qnaeque
511 1725 702 1785 salutato
723 1725 908 1786 crepitat
932 1723 1183 1772 Concordia
1204 1725 1322 1770 nido.

339 1787 430 1836 Sed
447 1804 552 1836 cum
573 1803 773 1836 summus
794 1789 937 1834 honor
955 1788 1081 1836 finito
1101 1797 1332 1852 computet
1346 1803 1480 1842 anno,
1664 1832 1691 1846 Ψ

284 1851 496 1913 Sportula
517 1853 621 1913 quid
641 1853 814 1906 referat,
840 1862 1055 1912 quantum
1076 1853 1315 1900 rationibus
1334 1853 1493 1910 addat3

277 1915 402 1970 Quid
420 1916 585 1964 facient
605 1918 802 1972 comites,
827 1917 984 1979 quibus
1009 1917 1111 1963 hinc
1146 1925 1265 1978 toga,
1300 1917 1473 1964 calceus
1500 1917 1618 1965 hine

471 1988 554 2035 est»

280 2043 349 2091 Et
369 2045 508 2106 panis,
531 2044 767 2106 fumusque
787 2046 908 2092 domi
921 2045 945 2091 ἰ’
983 2027 1264 2094 Densissirna
1283 2051 1460 2092 centum
1520 2047 1619 2092 120

283 2107 568 2162 Quadrantes
586 2110 743 2156 lectica
761 2111 885 2171 petit,
911 2111 1194 2169 sequiturque
1215 2109 1435 2163 maritum,

282 2170 520 2248 Languida
539 2173 612 2220 vel
633 2183 884 2252 praegnans,
909 2182 955 2219 et
974 2173 1328 2227 circumducitur,
1357 2187 1485 2220 uxor.

280 2235 376 2282 Hic
397 2237 508 2296 petit
528 2237 710 2290 absenti,
735 2233 842 2282 nota
853 2238 950 2298 jam
972 2236 1154 2282 callidus
1176 2245 1283 2290 arte,

277 2299 533 2346 Ostendens
555 2315 737 2346 vacuam
760 2309 806 2346 et
827 2299 1033 2352 clausam,
1058 2317 1137 2360 pro
1156 2303 1363 2362 conjuge,
1390 2300 1557 2348 sellam.

274 2365 408 2410 Galla
428 2379 528 2410 mea
548 2371 631 2418 est,
656 2365 810 2424 inquit.
838 2363 985 2411 Citius
1006 2364 1189 2410 dimitte.
1226 2364 1452 2412 Moraris.
1438 2365 1461 2394 '³
1516 2367 1606 2414 125

271 2421 444 2480 Profer,
469 2428 617 2482 Galla,
641 2443 722 2490 cap
724 2436 786 2476 ut.
836 2427 947 2475 Noli
970 2442 1157 2486 vexare3
1188 2429 1388 2488 quiescit.

333 2489 440 2553 Ipse
460 2491 554 2538 dies
575 2491 728 2553 pulcro
752 2491 1039 2553 distinguitur
1062 2463 1217 2542 ordine
1239 2507 1415 2538 rerum.

271 2554 494 2615 Sportula,
519 2555 676 2604 deinde
695 2553 856 2608 forum,
871 2554 1077 2616 jurisque
1096 2557 1266 2617 peritus
1290 2554 1473 2623 Apollo,
